{"id": "gen9championsbssregma-2582391984", "format": "[Gen 9 Champions] BSS Reg M-A", "players": ["Esiolamondhax", "Jordio"], "log": "|j|\u2606Esiolamondhax\n|j|\u2606Jordio\n|t:|1776088615\n|gametype|singles\n|player|p1|Esiolamondhax|aromalady-gen3rs|1182\n|player|p2|Jordio|alder|1276\n|gen|9\n|tier|[Gen 9 Champions] BSS Reg M-A\n|rated|\n|rule|Species Clause: Limit one of each Pok\u00e9mon\n|rule|Item Clause: Limit 1 of each item\n|clearpoke\n|poke|p1|Glimmora, L50, F|\n|poke|p1|Garchomp, L50, M|\n|poke|p1|Blastoise, L50, M|\n|poke|p1|Charizard, L50, F|\n|poke|p1|Basculegion, L50, M|\n|poke|p1|Scizor, L50, F|\n|poke|p2|Clefable, L50, M|\n|poke|p2|Rotom-Wash, L50|\n|poke|p2|Umbreon, L50, M|\n|poke|p2|Venusaur, L50, M|\n|poke|p2|Ceruledge, L50, M|\n|poke|p2|Basculegion, L50, M|\n|teampreview|3\n|inactive|Battle timer is ON: inactive players will automatically lose when time's up. (requested by Jordio)\n|inactive|Esiolamondhax has 60 seconds left.\n|inactive|Esiolamondhax has 30 seconds left.\n|\n|t:|1776088679\n|teamsize|p1|3\n|teamsize|p2|3\n|start\n|switch|p1a: Glimmora|Glimmora, L50, F|100/100\n|switch|p2a: Rotom|Rotom-Wash, L50, shiny|100/100\n|turn|1\n|\n|t:|1776088690\n|move|p1a: Glimmora|Stealth Rock|p2a: Rotom\n|-sidestart|p2: Jordio|move: Stealth Rock\n|move|p2a: Rotom|Hydro Pump|p1a: Glimmora|[miss]\n|-miss|p2a: Rotom|p1a: Glimmora\n|\n|upkeep\n|turn|2\n|\n|t:|1776088698\n|move|p1a: Glimmora|Power Gem|p2a: Rotom\n|-damage|p2a: Rotom|57/100\n|move|p2a: Rotom|Hydro Pump|p1a: Glimmora\n|-supereffective|p1a: Glimmora|1\n|-enditem|p1a: Glimmora|Focus Sash\n|-damage|p1a: Glimmora|1/100\n|\n|upkeep\n|turn|3\n|\n|t:|1776088713\n|move|p1a: Glimmora|Power Gem|p2a: Rotom\n|-damage|p2a: Rotom|11/100\n|-enditem|p2a: Rotom|Sitrus Berry|[eat]\n|-heal|p2a: Rotom|36/100|[from] item: Sitrus Berry\n|move|p2a: Rotom|Volt Switch|p1a: Glimmora\n|-damage|p1a: Glimmora|0 fnt\n|faint|p1a: Glimmora\n|\n|t:|1776088719\n|switch|p2a: Venusaur|Venusaur, L50, M, shiny|100/100|[from] Volt Switch\n|-damage|p2a: Venusaur|88/100|[from] Stealth Rock\n|\n|upkeep\n|\n|t:|1776088728\n|switch|p1a: Charizard|Charizard, L50, F|100/100\n|turn|4\n|\n|t:|1776088736\n|detailschange|p1a: Charizard|Charizard-Mega-Y, L50, F\n|-mega|p1a: Charizard|Charizard|Charizardite Y\n|-weather|SunnyDay|[from] ability: Drought|[of] p1a: Charizard\n|detailschange|p2a: Venusaur|Venusaur-Mega, L50, M, shiny\n|-mega|p2a: Venusaur|Venusaur|Venusaurite\n|move|p1a: Charizard|Fire Blast|p2a: Venusaur\n|-supereffective|p2a: Venusaur|1\n|-damage|p2a: Venusaur|0 fnt\n|faint|p2a: Venusaur\n|\n|-weather|SunnyDay|[upkeep]\n|upkeep\n|\n|t:|1776088749\n|switch|p2a: Clefable|Clefable, L50, M, shiny|100/100\n|-damage|p2a: Clefable|88/100|[from] Stealth Rock\n|turn|5\n|\n|t:|1776088767\n|move|p1a: Charizard|Fire Blast|p2a: Clefable\n|-damage|p2a: Clefable|0 fnt\n|faint|p2a: Clefable\n|\n|-weather|SunnyDay|[upkeep]\n|upkeep\n|inactive|Jordio has 30 seconds left.\n|inactive|Jordio has 20 seconds left.\n|inactive|Jordio has 15 seconds left.\n|inactive|Jordio has 10 seconds left.\n|inactive|Jordio has 5 seconds left.\n|\n|t:|1776088823\n|switch|p2a: Rotom|Rotom-Wash, L50, shiny|36/100\n|-damage|p2a: Rotom|23/100|[from] Stealth Rock\n|turn|6\n|inactive|Jordio has 30 seconds left.\n|inactive|Jordio has 20 seconds left.\n|inactive|Jordio has 15 seconds left.\n|inactive|Jordio has 10 seconds left.\n|inactive|Jordio has 5 seconds left.\n|\n|t:|1776088878\n|move|p1a: Charizard|Solar Beam||[still]\n|-prepare|p1a: Charizard|Solar Beam\n|-anim|p1a: Charizard|Solar Beam|p2a: Rotom\n|-supereffective|p2a: Rotom|1\n|-damage|p2a: Rotom|0 fnt\n|faint|p2a: Rotom\n|\n|win|Esiolamondhax\n|raw|Esiolamondhax's rating: 1182 &rarr; <strong>1214</strong><br />(+32 for winning)\n|raw|Jordio's rating: 1276 &rarr; <strong>1244</strong><br />(-32 for losing)\n", "uploadtime": 1776088888, "views": 6, "formatid": "gen9championsbssregma", "rating": 1214, "private": 0, "password": null}