{"id": "gen9championsbssregma-2590620752", "format": "[Gen 9 Champions] BSS Reg M-A", "players": ["Wishmkroro", "Gshs5"], "log": "|j|\u2606Wishmkroro\n|j|\u2606Gshs5\n|t:|1776826948\n|gametype|singles\n|player|p1|Wishmkroro|caitlin|1131\n|player|p2|Gshs5|170|1270\n|gen|9\n|tier|[Gen 9 Champions] BSS Reg M-A\n|rated|\n|rule|Species Clause: Limit one of each Pok\u00e9mon\n|rule|Item Clause: Limit 1 of each item\n|clearpoke\n|poke|p1|Espathra, L50, F, shiny|\n|poke|p1|Sableye, L50, M, shiny|\n|poke|p1|Ditto, L50|\n|poke|p1|Incineroar, L50, M|\n|poke|p1|Clefable, L50, F, shiny|\n|poke|p1|Glimmora, L50, M|\n|poke|p2|Scovillain, L50, F|\n|poke|p2|Venusaur, L50, F|\n|poke|p2|Altaria, L50, M|\n|poke|p2|Rotom-Wash, L50|\n|poke|p2|Hippowdon, L50, M|\n|poke|p2|Aegislash, L50, F|\n|teampreview|3\n|inactive|Battle timer is ON: inactive players will automatically lose when time's up. (requested by Gshs5)\n|\n|t:|1776826996\n|teamsize|p1|3\n|teamsize|p2|3\n|start\n|switch|p1a: Sableye|Sableye, L50, M, shiny|100/100\n|switch|p2a: Aegislash|Aegislash, L50, F|100/100\n|turn|1\n|\n|t:|1776827002\n|move|p1a: Sableye|Swagger|p2a: Aegislash\n|-boost|p2a: Aegislash|atk|2\n|-start|p2a: Aegislash|confusion\n|-activate|p2a: Aegislash|confusion\n|-damage|p2a: Aegislash|89/100|[from] confusion\n|\n|upkeep\n|turn|2\n|\n|t:|1776827010\n|-activate|p2a: Aegislash|confusion\n|-damage|p2a: Aegislash|79/100|[from] confusion\n|move|p1a: Sableye|Foul Play|p2a: Aegislash\n|-supereffective|p2a: Aegislash|1\n|-damage|p2a: Aegislash|0 fnt\n|faint|p2a: Aegislash\n|\n|upkeep\n|\n|t:|1776827014\n|switch|p2a: Scovillain|Scovillain, L50, F|100/100\n|turn|3\n|\n|t:|1776827020\n|move|p2a: Scovillain|Protect|p2a: Scovillain\n|-singleturn|p2a: Scovillain|Protect\n|move|p1a: Sableye|Swagger|p2a: Scovillain\n|-activate|p2a: Scovillain|move: Protect\n|\n|-ability|p2a: Scovillain|Moody|boost\n|-boost|p2a: Scovillain|spa|2\n|-unboost|p2a: Scovillain|atk|1\n|upkeep\n|turn|4\n|\n|t:|1776827030\n|move|p1a: Sableye|Encore|p2a: Scovillain\n|-start|p2a: Scovillain|Encore\n|move|p2a: Scovillain|Protect||[still]\n|-fail|p2a: Scovillain\n|\n|-ability|p2a: Scovillain|Moody|boost\n|-boost|p2a: Scovillain|def|2\n|-unboost|p2a: Scovillain|spa|1\n|upkeep\n|turn|5\n|\n|t:|1776827039\n|switch|p1a: Clefable|Clefable, L50, F, shiny|100/100\n|move|p2a: Scovillain|Protect||[still]\n|-fail|p2a: Scovillain\n|\n|-ability|p2a: Scovillain|Moody|boost\n|-boost|p2a: Scovillain|def|2\n|-unboost|p2a: Scovillain|atk|1\n|upkeep\n|turn|6\n|\n|t:|1776827050\n|detailschange|p1a: Clefable|Clefable-Mega, L50, F, shiny\n|-mega|p1a: Clefable|Clefable|Clefablite\n|move|p2a: Scovillain|Protect|p2a: Scovillain\n|-singleturn|p2a: Scovillain|Protect\n|move|p1a: Clefable|Cosmic Power|p1a: Clefable\n|-boost|p1a: Clefable|def|1\n|-boost|p1a: Clefable|spd|1\n|\n|-end|p2a: Scovillain|Encore\n|-ability|p2a: Scovillain|Moody|boost\n|-boost|p2a: Scovillain|def|2\n|-unboost|p2a: Scovillain|spe|1\n|upkeep\n|turn|7\n|\n|t:|1776827062\n|move|p2a: Scovillain|Substitute|p2a: Scovillain\n|-start|p2a: Scovillain|Substitute\n|-damage|p2a: Scovillain|75/100\n|move|p1a: Clefable|Cosmic Power|p1a: Clefable\n|-boost|p1a: Clefable|def|1\n|-boost|p1a: Clefable|spd|1\n|\n|-heal|p2a: Scovillain|81/100|[from] item: Leftovers\n|-ability|p2a: Scovillain|Moody|boost\n|-boost|p2a: Scovillain|spe|2\n|-unboost|p2a: Scovillain|spd|1\n|upkeep\n|turn|8\n|\n|t:|1776827074\n|move|p2a: Scovillain|Flamethrower|p1a: Clefable\n|-damage|p1a: Clefable|79/100\n|-status|p1a: Clefable|brn\n|move|p1a: Clefable|Cosmic Power|p1a: Clefable\n|-boost|p1a: Clefable|def|1\n|-boost|p1a: Clefable|spd|1\n|\n|-heal|p2a: Scovillain|87/100|[from] item: Leftovers\n|-damage|p1a: Clefable|73/100 brn|[from] brn\n|-ability|p2a: Scovillain|Moody|boost\n|-boost|p2a: Scovillain|atk|2\n|-unboost|p2a: Scovillain|def|1\n|upkeep\n|turn|9\n|\n|t:|1776827088\n|move|p2a: Scovillain|Flamethrower|p1a: Clefable\n|-damage|p1a: Clefable|56/100 brn\n|move|p1a: Clefable|Stored Power|p2a: Scovillain\n|-end|p2a: Scovillain|Substitute\n|\n|-heal|p2a: Scovillain|93/100|[from] item: Leftovers\n|-damage|p1a: Clefable|50/100 brn|[from] brn\n|-ability|p2a: Scovillain|Moody|boost\n|-boost|p2a: Scovillain|spd|2\n|-unboost|p2a: Scovillain|spa|1\n|upkeep\n|turn|10\n|\n|t:|1776827100\n|move|p2a: Scovillain|Substitute|p2a: Scovillain\n|-start|p2a: Scovillain|Substitute\n|-damage|p2a: Scovillain|68/100\n|move|p1a: Clefable|Stored Power|p2a: Scovillain\n|-end|p2a: Scovillain|Substitute\n|\n|-heal|p2a: Scovillain|74/100|[from] item: Leftovers\n|-damage|p1a: Clefable|45/100 brn|[from] brn\n|-ability|p2a: Scovillain|Moody|boost\n|-boost|p2a: Scovillain|spe|2\n|-unboost|p2a: Scovillain|spa|1\n|upkeep\n|turn|11\n|\n|t:|1776827112\n|move|p2a: Scovillain|Substitute|p2a: Scovillain\n|-start|p2a: Scovillain|Substitute\n|-damage|p2a: Scovillain|49/100\n|move|p1a: Clefable|Stored Power|p2a: Scovillain\n|-end|p2a: Scovillain|Substitute\n|\n|-heal|p2a: Scovillain|55/100|[from] item: Leftovers\n|-damage|p1a: Clefable|39/100 brn|[from] brn\n|-ability|p2a: Scovillain|Moody|boost\n|-boost|p2a: Scovillain|atk|2\n|-unboost|p2a: Scovillain|spd|1\n|upkeep\n|turn|12\n|\n|t:|1776827124\n|move|p2a: Scovillain|Protect|p2a: Scovillain\n|-singleturn|p2a: Scovillain|Protect\n|move|p1a: Clefable|Moonlight|p1a: Clefable\n|-heal|p1a: Clefable|89/100 brn\n|\n|-heal|p2a: Scovillain|60/100|[from] item: Leftovers\n|-damage|p1a: Clefable|83/100 brn|[from] brn\n|-ability|p2a: Scovillain|Moody|boost\n|-boost|p2a: Scovillain|spd|2\n|-unboost|p2a: Scovillain|atk|1\n|upkeep\n|turn|13\n|\n|t:|1776827136\n|move|p2a: Scovillain|Substitute|p2a: Scovillain\n|-start|p2a: Scovillain|Substitute\n|-damage|p2a: Scovillain|35/100\n|move|p1a: Clefable|Stored Power|p2a: Scovillain\n|-end|p2a: Scovillain|Substitute\n|\n|-heal|p2a: Scovillain|41/100|[from] item: Leftovers\n|-damage|p1a: Clefable|77/100 brn|[from] brn\n|-ability|p2a: Scovillain|Moody|boost\n|-boost|p2a: Scovillain|def|1\n|-unboost|p2a: Scovillain|spa|1\n|upkeep\n|turn|14\n|\n|t:|1776827148\n|move|p2a: Scovillain|Protect|p2a: Scovillain\n|-singleturn|p2a: Scovillain|Protect\n|move|p1a: Clefable|Moonblast|p2a: Scovillain\n|-activate|p2a: Scovillain|move: Protect\n|\n|-heal|p2a: Scovillain|47/100|[from] item: Leftovers\n|-damage|p1a: Clefable|71/100 brn|[from] brn\n|-ability|p2a: Scovillain|Moody|boost\n|-boost|p2a: Scovillain|atk|2\n|-unboost|p2a: Scovillain|spe|1\n|upkeep\n|turn|15\n|\n|t:|1776827159\n|move|p2a: Scovillain|Substitute|p2a: Scovillain\n|-start|p2a: Scovillain|Substitute\n|-damage|p2a: Scovillain|22/100\n|move|p1a: Clefable|Stored Power|p2a: Scovillain\n|-crit|p2a: Scovillain\n|-end|p2a: Scovillain|Substitute\n|\n|-heal|p2a: Scovillain|28/100|[from] item: Leftovers\n|-damage|p1a: Clefable|65/100 brn|[from] brn\n|-ability|p2a: Scovillain|Moody|boost\n|-boost|p2a: Scovillain|spa|2\n|-unboost|p2a: Scovillain|atk|1\n|upkeep\n|turn|16\n|\n|t:|1776827171\n|move|p2a: Scovillain|Protect|p2a: Scovillain\n|-singleturn|p2a: Scovillain|Protect\n|move|p1a: Clefable|Moonblast|p2a: Scovillain\n|-activate|p2a: Scovillain|move: Protect\n|\n|-heal|p2a: Scovillain|34/100|[from] item: Leftovers\n|-damage|p1a: Clefable|59/100 brn|[from] brn\n|-ability|p2a: Scovillain|Moody|boost\n|-boost|p2a: Scovillain|spd|2\n|-unboost|p2a: Scovillain|def|1\n|upkeep\n|turn|17\n|\n|t:|1776827183\n|move|p2a: Scovillain|Substitute|p2a: Scovillain\n|-start|p2a: Scovillain|Substitute\n|-damage|p2a: Scovillain|9/100\n|move|p1a: Clefable|Stored Power|p2a: Scovillain\n|-activate|p2a: Scovillain|move: Substitute|[damage]\n|\n|-heal|p2a: Scovillain|14/100|[from] item: Leftovers\n|-damage|p1a: Clefable|53/100 brn|[from] brn\n|-ability|p2a: Scovillain|Moody|boost\n|-boost|p2a: Scovillain|spe|2\n|-unboost|p2a: Scovillain|def|1\n|upkeep\n|turn|18\n|-message|Wishmkroro forfeited.\n|\n|win|Gshs5\n|raw|Wishmkroro's rating: 1131 &rarr; <strong>1116</strong><br />(-15 for losing)\n|raw|Gshs5's rating: 1270 &rarr; <strong>1285</strong><br />(+15 for winning)\n|l|\u2606Wishmkroro\n|player|p1|\n", "uploadtime": 1776827196, "views": 3, "formatid": "gen9championsbssregma", "rating": 1116, "private": 0, "password": null}