{"id": "gen9championsbssregma-2591590553", "format": "[Gen 9 Champions] BSS Reg M-A", "players": ["wfqfwqwffw", "anov"], "log": "|j|\u2606wfqfwqwffw\n|j|\u2606anov\n|t:|1776914358\n|gametype|singles\n|player|p1|wfqfwqwffw|101|1203\n|player|p2|anov|rosa|1112\n|gen|9\n|tier|[Gen 9 Champions] BSS Reg M-A\n|rated|\n|rule|Species Clause: Limit one of each Pok\u00e9mon\n|rule|Item Clause: Limit 1 of each item\n|clearpoke\n|poke|p1|Chesnaught, L50, M|\n|poke|p1|Kingambit, L50, M|\n|poke|p1|Gengar, L50, M|\n|poke|p1|Volcarona, L50, F|\n|poke|p1|Garchomp, L50, F|\n|poke|p1|Weavile, L50, M|\n|poke|p2|Charizard, L50, M|\n|poke|p2|Floette-Eternal, L50, F|\n|poke|p2|Araquanid, L50, F|\n|poke|p2|Toxapex, L50, F|\n|poke|p2|Hippowdon, L50, M|\n|poke|p2|Kingambit, L50, M|\n|teampreview|3\n|inactive|Battle timer is ON: inactive players will automatically lose when time's up. (requested by wfqfwqwffw)\n|inactive|wfqfwqwffw has 60 seconds left.\n|\n|t:|1776914389\n|teamsize|p1|3\n|teamsize|p2|3\n|start\n|switch|p1a: Garchomp|Garchomp, L50, F|100/100\n|switch|p2a: Hippowdon|Hippowdon, L50, M|100/100\n|-weather|Sandstorm|[from] ability: Sand Stream|[of] p2a: Hippowdon\n|turn|1\n|\n|t:|1776914398\n|move|p1a: Garchomp|Stealth Rock|p2a: Hippowdon\n|-sidestart|p2: anov|move: Stealth Rock\n|move|p2a: Hippowdon|Yawn|p1a: Garchomp\n|-start|p1a: Garchomp|move: Yawn|[of] p2a: Hippowdon\n|\n|-weather|Sandstorm|[upkeep]\n|upkeep\n|turn|2\n|\n|t:|1776914405\n|switch|p1a: Chesnaught|Chesnaught, L50, M|100/100\n|move|p2a: Hippowdon|Stealth Rock|p1a: Chesnaught\n|-sidestart|p1: wfqfwqwffw|move: Stealth Rock\n|\n|-weather|Sandstorm|[upkeep]\n|-damage|p1a: Chesnaught|94/100|[from] Sandstorm\n|upkeep\n|turn|3\n|\n|t:|1776914416\n|move|p1a: Chesnaught|Curse|p1a: Chesnaught\n|-unboost|p1a: Chesnaught|spe|1\n|-boost|p1a: Chesnaught|atk|1\n|-boost|p1a: Chesnaught|def|1\n|move|p2a: Hippowdon|Yawn|p1a: Chesnaught\n|-start|p1a: Chesnaught|move: Yawn|[of] p2a: Hippowdon\n|\n|-weather|Sandstorm|[upkeep]\n|-damage|p1a: Chesnaught|88/100|[from] Sandstorm\n|upkeep\n|turn|4\n|\n|t:|1776914427\n|switch|p2a: Araquanid|Araquanid, L50, F|100/100\n|-damage|p2a: Araquanid|76/100|[from] Stealth Rock\n|switch|p1a: Garchomp|Garchomp, L50, F|100/100\n|-damage|p1a: Garchomp|94/100|[from] Stealth Rock\n|\n|-weather|Sandstorm|[upkeep]\n|-damage|p2a: Araquanid|70/100|[from] Sandstorm\n|upkeep\n|turn|5\n|\n|t:|1776914438\n|move|p1a: Garchomp|Spikes|p2a: Araquanid\n|-sidestart|p2: anov|Spikes\n|move|p2a: Araquanid|Sticky Web|p1a: Garchomp\n|-sidestart|p1: wfqfwqwffw|move: Sticky Web\n|\n|-weather|none\n|upkeep\n|turn|6\n|\n|t:|1776914447\n|move|p1a: Garchomp|Spikes|p2a: Araquanid\n|-sidestart|p2: anov|Spikes\n|move|p2a: Araquanid|Chilling Water|p1a: Garchomp\n|-crit|p1a: Garchomp\n|-damage|p1a: Garchomp|56/100\n|-unboost|p1a: Garchomp|atk|1\n|\n|upkeep\n|turn|7\n|\n|t:|1776914454\n|move|p2a: Araquanid|Chilling Water|p1a: Garchomp\n|-damage|p1a: Garchomp|28/100\n|-unboost|p1a: Garchomp|atk|1\n|move|p1a: Garchomp|Dragon Tail|p2a: Araquanid|[miss]\n|-miss|p1a: Garchomp|p2a: Araquanid\n|\n|upkeep\n|turn|8\n|\n|t:|1776914461\n|switch|p1a: Chesnaught|Chesnaught, L50, M|88/100\n|-damage|p1a: Chesnaught|82/100|[from] Stealth Rock\n|-activate|p1a: Chesnaught|move: Sticky Web\n|-unboost|p1a: Chesnaught|spe|1\n|move|p2a: Araquanid|Chilling Water|p1a: Chesnaught\n|-resisted|p1a: Chesnaught|1\n|-damage|p1a: Chesnaught|67/100\n|-unboost|p1a: Chesnaught|atk|1\n|\n|upkeep\n|turn|9\n|\n|t:|1776914472\n|move|p1a: Chesnaught|Curse|p1a: Chesnaught\n|-unboost|p1a: Chesnaught|spe|1\n|-boost|p1a: Chesnaught|atk|1\n|-boost|p1a: Chesnaught|def|1\n|move|p2a: Araquanid|Bug Bite|p1a: Chesnaught\n|-damage|p1a: Chesnaught|60/100\n|\n|upkeep\n|turn|10\n|\n|t:|1776914480\n|move|p2a: Araquanid|Chilling Water|p1a: Chesnaught\n|-resisted|p1a: Chesnaught|1\n|-damage|p1a: Chesnaught|47/100\n|-unboost|p1a: Chesnaught|atk|1\n|move|p1a: Chesnaught|Synthesis|p1a: Chesnaught\n|-heal|p1a: Chesnaught|96/100\n|\n|upkeep\n|turn|11\n|\n|t:|1776914488\n|move|p2a: Araquanid|Chilling Water|p1a: Chesnaught\n|-resisted|p1a: Chesnaught|1\n|-damage|p1a: Chesnaught|83/100\n|-unboost|p1a: Chesnaught|atk|1\n|move|p1a: Chesnaught|Curse|p1a: Chesnaught\n|-unboost|p1a: Chesnaught|spe|1\n|-boost|p1a: Chesnaught|atk|1\n|-boost|p1a: Chesnaught|def|1\n|\n|upkeep\n|turn|12\n|\n|t:|1776914496\n|move|p2a: Araquanid|Chilling Water|p1a: Chesnaught\n|-resisted|p1a: Chesnaught|1\n|-damage|p1a: Chesnaught|69/100\n|-unboost|p1a: Chesnaught|atk|1\n|move|p1a: Chesnaught|Wood Hammer|p2a: Araquanid\n|-damage|p2a: Araquanid|48/100\n|-damage|p1a: Chesnaught|62/100|[from] Recoil\n|\n|upkeep\n|turn|13\n|\n|t:|1776914506\n|move|p2a: Araquanid|Chilling Water|p1a: Chesnaught\n|-resisted|p1a: Chesnaught|1\n|-damage|p1a: Chesnaught|49/100\n|-unboost|p1a: Chesnaught|atk|1\n|move|p1a: Chesnaught|Synthesis|p1a: Chesnaught\n|-heal|p1a: Chesnaught|98/100\n|\n|upkeep\n|turn|14\n|\n|t:|1776914514\n|move|p2a: Araquanid|Chilling Water|p1a: Chesnaught\n|-resisted|p1a: Chesnaught|1\n|-damage|p1a: Chesnaught|84/100\n|-unboost|p1a: Chesnaught|atk|1\n|move|p1a: Chesnaught|Curse|p1a: Chesnaught\n|-unboost|p1a: Chesnaught|spe|1\n|-boost|p1a: Chesnaught|atk|1\n|-boost|p1a: Chesnaught|def|1\n|\n|upkeep\n|turn|15\n|\n|t:|1776914523\n|move|p2a: Araquanid|Chilling Water|p1a: Chesnaught\n|-resisted|p1a: Chesnaught|1\n|-damage|p1a: Chesnaught|69/100\n|-unboost|p1a: Chesnaught|atk|1\n|move|p1a: Chesnaught|Curse|p1a: Chesnaught\n|-unboost|p1a: Chesnaught|spe|1\n|-boost|p1a: Chesnaught|atk|1\n|-boost|p1a: Chesnaught|def|1\n|\n|upkeep\n|turn|16\n|\n|t:|1776914532\n|move|p2a: Araquanid|Endeavor|p1a: Chesnaught\n|-damage|p1a: Chesnaught|43/100\n|move|p1a: Chesnaught|Drain Punch|p2a: Araquanid\n|-resisted|p2a: Araquanid|1\n|-damage|p2a: Araquanid|43/100\n|-heal|p1a: Chesnaught|46/100|[from] drain|[of] p2a: Araquanid\n|\n|upkeep\n|turn|17\n|\n|t:|1776914541\n|move|p2a: Araquanid|Endeavor|p1a: Chesnaught\n|-damage|p1a: Chesnaught|38/100\n|move|p1a: Chesnaught|Synthesis|p1a: Chesnaught\n|-heal|p1a: Chesnaught|88/100\n|\n|upkeep\n|turn|18\n|\n|t:|1776914547\n|switch|p1a: Gengar|Gengar, L50, M|100/100\n|-damage|p1a: Gengar|88/100|[from] Stealth Rock\n|-activate|p1a: Gengar|move: Sticky Web\n|-unboost|p1a: Gengar|spe|1\n|move|p2a: Araquanid|Endeavor|p1a: Gengar\n|-immune|p1a: Gengar\n|\n|upkeep\n|turn|19\n|\n|t:|1776914561\n|detailschange|p1a: Gengar|Gengar-Mega, L50, M\n|-mega|p1a: Gengar|Gengar|Gengarite\n|move|p1a: Gengar|Shadow Ball|p2a: Araquanid\n|-damage|p2a: Araquanid|8/100\n|-unboost|p2a: Araquanid|spd|1\n|move|p2a: Araquanid|Chilling Water|p1a: Gengar\n|-damage|p1a: Gengar|55/100\n|-unboost|p1a: Gengar|atk|1\n|\n|upkeep\n|turn|20\n|\n|t:|1776914572\n|move|p1a: Gengar|Shadow Ball|p2a: Araquanid\n|-damage|p2a: Araquanid|0 fnt\n|faint|p2a: Araquanid\n|\n|upkeep\n|\n|t:|1776914578\n|switch|p2a: Hippowdon|Hippowdon, L50, M|100/100\n|-damage|p2a: Hippowdon|94/100|[from] Stealth Rock\n|-damage|p2a: Hippowdon|78/100|[from] Spikes\n|-weather|Sandstorm|[from] ability: Sand Stream|[of] p2a: Hippowdon\n|turn|21\n|\n|t:|1776914585\n|switch|p1a: Chesnaught|Chesnaught, L50, M|88/100\n|-damage|p1a: Chesnaught|82/100|[from] Stealth Rock\n|-activate|p1a: Chesnaught|move: Sticky Web\n|-unboost|p1a: Chesnaught|spe|1\n|move|p2a: Hippowdon|Yawn|p1a: Chesnaught\n|-start|p1a: Chesnaught|move: Yawn|[of] p2a: Hippowdon\n|\n|-weather|Sandstorm|[upkeep]\n|-damage|p1a: Chesnaught|76/100|[from] Sandstorm\n|-heal|p2a: Hippowdon|84/100|[from] item: Leftovers\n|upkeep\n|turn|22\n|\n|t:|1776914599\n|move|p1a: Chesnaught|Wood Hammer|p2a: Hippowdon\n|-supereffective|p2a: Hippowdon|1\n|-damage|p2a: Hippowdon|25/100\n|-damage|p1a: Chesnaught|54/100|[from] Recoil\n|move|p2a: Hippowdon|Whirlwind|p1a: Chesnaught\n|drag|p1a: Garchomp|Garchomp, L50, F|28/100\n|-damage|p1a: Garchomp|22/100|[from] Stealth Rock\n|-activate|p1a: Garchomp|move: Sticky Web\n|-unboost|p1a: Garchomp|spe|1\n|\n|-weather|Sandstorm|[upkeep]\n|-heal|p2a: Hippowdon|31/100|[from] item: Leftovers\n|upkeep\n|turn|23\n|j| Falco1196\n|\n|t:|1776914613\n|move|p1a: Garchomp|Earthquake|p2a: Hippowdon\n|-damage|p2a: Hippowdon|0 fnt\n|faint|p2a: Hippowdon\n|\n|-weather|Sandstorm|[upkeep]\n|upkeep\n|\n|t:|1776914619\n|switch|p2a: Charizard|Charizard, L50, M|100/100\n|-damage|p2a: Charizard|51/100|[from] Stealth Rock\n|turn|24\n|\n|t:|1776914631\n|detailschange|p2a: Charizard|Charizard-Mega-X, L50, M\n|-mega|p2a: Charizard|Charizard|Charizardite X\n|move|p2a: Charizard|Dragon Claw|p1a: Garchomp\n|-supereffective|p1a: Garchomp|1\n|-enditem|p1a: Garchomp|Haban Berry|[eat]\n|-enditem|p1a: Garchomp|Haban Berry|[weaken]\n|-damage|p1a: Garchomp|0 fnt\n|-damage|p2a: Charizard|39/100|[from] ability: Rough Skin|[of] p1a: Garchomp\n|faint|p1a: Garchomp\n|\n|-weather|Sandstorm|[upkeep]\n|-damage|p2a: Charizard|33/100|[from] Sandstorm\n|upkeep\n|\n|t:|1776914637\n|switch|p1a: Chesnaught|Chesnaught, L50, M|54/100\n|-damage|p1a: Chesnaught|48/100|[from] Stealth Rock\n|-activate|p1a: Chesnaught|move: Sticky Web\n|-unboost|p1a: Chesnaught|spe|1\n|turn|25\n|\n|t:|1776914650\n|move|p2a: Charizard|Dragon Claw|p1a: Chesnaught\n|-damage|p1a: Chesnaught|17/100\n|move|p1a: Chesnaught|Drain Punch|p2a: Charizard\n|-damage|p2a: Charizard|4/100\n|-heal|p1a: Chesnaught|29/100|[from] drain|[of] p2a: Charizard\n|\n|-weather|none\n|upkeep\n|turn|26\n|\n|t:|1776914659\n|move|p2a: Charizard|Dragon Claw|p1a: Chesnaught\n|-damage|p1a: Chesnaught|0 fnt\n|faint|p1a: Chesnaught\n|\n|upkeep\n|\n|t:|1776914662\n|switch|p1a: Gengar|Gengar-Mega, L50, M|55/100\n|-damage|p1a: Gengar|43/100|[from] Stealth Rock\n|-activate|p1a: Gengar|move: Sticky Web\n|-unboost|p1a: Gengar|spe|1\n|turn|27\n|\n|t:|1776914672\n|move|p2a: Charizard|Earthquake|p1a: Gengar\n|-supereffective|p1a: Gengar|1\n|-damage|p1a: Gengar|0 fnt\n|faint|p1a: Gengar\n|\n|win|anov\n|raw|wfqfwqwffw's rating: 1203 &rarr; <strong>1172</strong><br />(-31 for losing)\n|raw|anov's rating: 1112 &rarr; <strong>1143</strong><br />(+31 for winning)\n", "uploadtime": 1776914679, "views": 4, "formatid": "gen9championsbssregma", "rating": 1143, "private": 0, "password": null}