{"id": "gen9championsbssregma-2589843478", "format": "[Gen 9 Champions] BSS Reg M-A", "players": ["clelioushka", "joguri"], "log": "|j|\u2606clelioushka\n|j|\u2606joguri\n|t:|1776766312\n|gametype|singles\n|player|p1|clelioushka|medium|1163\n|player|p2|joguri|dawn|1141\n|gen|9\n|tier|[Gen 9 Champions] BSS Reg M-A\n|rated|\n|rule|Species Clause: Limit one of each Pok\u00e9mon\n|rule|Item Clause: Limit 1 of each item\n|clearpoke\n|poke|p1|Clefable, L50, F|\n|poke|p1|Lopunny, L50, M|\n|poke|p1|Slowking-Galar, L50, M|\n|poke|p1|Meowscarada, L50, M|\n|poke|p1|Gallade, L50, M|\n|poke|p1|Rotom-Heat, L50|\n|poke|p2|Lopunny, L50, M|\n|poke|p2|Garchomp, L50, F|\n|poke|p2|Glimmora, L50, M|\n|poke|p2|Primarina, L50, F|\n|poke|p2|Corviknight, L50, M|\n|poke|p2|Clefable, L50, F|\n|teampreview|3\n|inactive|Battle timer is ON: inactive players will automatically lose when time's up. (requested by clelioushka)\n|inactive|clelioushka has 60 seconds left.\n|inactive|joguri has 60 seconds left.\n|\n|t:|1776766364\n|teamsize|p1|3\n|teamsize|p2|3\n|start\n|switch|p1a: Gallade|Gallade, L50, M|100/100\n|switch|p2a: Lopunny|Lopunny, L50, M|100/100\n|turn|1\n|\n|t:|1776766371\n|switch|p1a: Clefable|Clefable, L50, F|100/100\n|move|p2a: Lopunny|Cotton Guard|p2a: Lopunny\n|-boost|p2a: Lopunny|def|3\n|\n|upkeep\n|turn|2\n|\n|t:|1776766378\n|move|p2a: Lopunny|Cotton Guard|p2a: Lopunny\n|-boost|p2a: Lopunny|def|3\n|move|p1a: Clefable|Cosmic Power|p1a: Clefable\n|-boost|p1a: Clefable|def|1\n|-boost|p1a: Clefable|spd|1\n|\n|upkeep\n|turn|3\n|\n|t:|1776766387\n|move|p2a: Lopunny|Baton Pass|p2a: Lopunny\n|\n|t:|1776766389\n|switch|p2a: Clefable|Clefable, L50, F|100/100|[from] Baton Pass\n|move|p1a: Clefable|Cosmic Power|p1a: Clefable\n|-boost|p1a: Clefable|def|1\n|-boost|p1a: Clefable|spd|1\n|\n|upkeep\n|turn|4\n|\n|t:|1776766402\n|switch|p1a: Rotom|Rotom-Heat, L50|100/100\n|move|p2a: Clefable|Calm Mind|p2a: Clefable\n|-boost|p2a: Clefable|spa|1\n|-boost|p2a: Clefable|spd|1\n|\n|upkeep\n|turn|5\n|\n|t:|1776766408\n|move|p1a: Rotom|Overheat|p2a: Clefable\n|-damage|p2a: Clefable|81/100\n|-unboost|p1a: Rotom|spa|2\n|-enditem|p1a: Rotom|White Herb\n|-clearnegativeboost|p1a: Rotom|[silent]\n|move|p2a: Clefable|Calm Mind|p2a: Clefable\n|-boost|p2a: Clefable|spa|1\n|-boost|p2a: Clefable|spd|1\n|\n|upkeep\n|turn|6\n|\n|t:|1776766417\n|move|p1a: Rotom|Will-O-Wisp|p2a: Clefable|[miss]\n|-miss|p1a: Rotom|p2a: Clefable\n|move|p2a: Clefable|Calm Mind|p2a: Clefable\n|-boost|p2a: Clefable|spa|1\n|-boost|p2a: Clefable|spd|1\n|\n|upkeep\n|turn|7\n|\n|t:|1776766423\n|detailschange|p2a: Clefable|Clefable-Mega, L50, F\n|-mega|p2a: Clefable|Clefable|Clefablite\n|move|p1a: Rotom|Will-O-Wisp|p2a: Clefable\n|move|p2a: Clefable|Will-O-Wisp|p1a: Rotom|[from] ability: Magic Bounce\n|-immune|p1a: Rotom\n|move|p2a: Clefable|Calm Mind|p2a: Clefable\n|-boost|p2a: Clefable|spa|1\n|-boost|p2a: Clefable|spd|1\n|\n|upkeep\n|turn|8\n|-message|clelioushka forfeited.\n|\n|win|joguri\n|raw|clelioushka's rating: 1141 &rarr; <strong>1116</strong><br />(-25 for losing)\n|raw|joguri's rating: 1141 &rarr; <strong>1166</strong><br />(+25 for winning)\n|l|\u2606clelioushka\n|player|p1|\n", "uploadtime": 1776766434, "views": 10, "formatid": "gen9championsbssregma", "rating": 1116, "private": 0, "password": null}