{"id": "gen9championsbssregma-2594429893", "format": "[Gen 9 Champions] BSS Reg M-A", "players": ["driflount drifloon", "kerom.pk"], "log": "|j|\u2606driflount drifloon\n|j|\u203dkerom.pk\n|t:|1777196634\n|gametype|singles\n|player|p1|driflount drifloon|brock|1229\n|player|p2|kerom.pk|170|1360\n|gen|9\n|tier|[Gen 9 Champions] BSS Reg M-A\n|rated|\n|rule|Species Clause: Limit one of each Pok\u00e9mon\n|rule|Item Clause: Limit 1 of each item\n|clearpoke\n|poke|p1|Espathra, L50, M|\n|poke|p1|Glimmora, L50, F|\n|poke|p1|Slowbro, L50, M|\n|poke|p1|Clefable, L50, F|\n|poke|p1|Corviknight, L50, F|\n|poke|p1|Incineroar, L50, M|\n|poke|p2|Basculegion, L50, M|\n|poke|p2|Chesnaught, L50, F|\n|poke|p2|Slowking-Galar, L50, M|\n|poke|p2|Lopunny, L50, M|\n|poke|p2|Hippowdon, L50, F|\n|poke|p2|Skeledirge, L50, M|\n|teampreview|3\n|inactive|Battle timer is ON: inactive players will automatically lose when time's up. (requested by kerom.pk)\n|inactive|driflount drifloon also wants the timer to be on.\n|inactive|driflount drifloon has 60 seconds left.\n|inactive|kerom.pk has 60 seconds left.\n|\n|t:|1777196684\n|teamsize|p1|3\n|teamsize|p2|3\n|start\n|switch|p1a: Clefable|Clefable, L50, F|100/100\n|switch|p2a: Basculegion|Basculegion, L50, M|100/100\n|turn|1\n|\n|t:|1777196701\n|detailschange|p1a: Clefable|Clefable-Mega, L50, F\n|-mega|p1a: Clefable|Clefable|Clefablite\n|move|p2a: Basculegion|Flip Turn|p1a: Clefable\n|-damage|p1a: Clefable|75/100\n|\n|t:|1777196705\n|switch|p2a: Slowking|Slowking-Galar, L50, M|100/100|[from] Flip Turn\n|move|p1a: Clefable|Calm Mind|p1a: Clefable\n|-boost|p1a: Clefable|spa|1\n|-boost|p1a: Clefable|spd|1\n|\n|upkeep\n|turn|2\n|\n|t:|1777196721\n|move|p1a: Clefable|Calm Mind|p1a: Clefable\n|-boost|p1a: Clefable|spa|1\n|-boost|p1a: Clefable|spd|1\n|move|p2a: Slowking|Sludge Bomb|p1a: Clefable\n|-supereffective|p1a: Clefable|1\n|-damage|p1a: Clefable|45/100\n|\n|upkeep\n|turn|3\n|\n|t:|1777196742\n|move|p1a: Clefable|Baton Pass|p1a: Clefable\n|\n|t:|1777196750\n|switch|p1a: Incineroar|Incineroar, L50, M|100/100|[from] Baton Pass\n|-ability|p1a: Incineroar|Intimidate|boost\n|-unboost|p2a: Slowking|atk|1\n|-prepare|p2a: Slowking|Chilly Reception|[premajor]\n|move|p2a: Slowking|Chilly Reception|p2a: Slowking\n|-weather|Snowscape\n|\n|t:|1777196756\n|switch|p2a: Basculegion|Basculegion, L50, M|100/100|[from] Chilly Reception\n|\n|-weather|Snowscape|[upkeep]\n|upkeep\n|turn|4\n|\n|t:|1777196765\n|move|p2a: Basculegion|Wave Crash|p1a: Incineroar\n|-supereffective|p1a: Incineroar|1\n|-enditem|p1a: Incineroar|Passho Berry|[eat]\n|-enditem|p1a: Incineroar|Passho Berry|[weaken]\n|-damage|p1a: Incineroar|20/100y\n|-damage|p2a: Basculegion|72/100|[from] Recoil\n|move|p1a: Incineroar|Power Trip|p2a: Basculegion\n|-supereffective|p2a: Basculegion|1\n|-damage|p2a: Basculegion|0 fnt\n|faint|p2a: Basculegion\n|\n|-weather|Snowscape|[upkeep]\n|upkeep\n|\n|t:|1777196773\n|switch|p2a: Hippowdon|Hippowdon, L50, F|100/100\n|-weather|Sandstorm|[from] ability: Sand Stream|[of] p2a: Hippowdon\n|turn|5\n|j| Can do CD St\n|\n|t:|1777196781\n|move|p1a: Incineroar|Baton Pass|p1a: Incineroar\n|\n|t:|1777196782\n|switch|p1a: Clefable|Clefable-Mega, L50, F|45/100|[from] Baton Pass\n|move|p2a: Hippowdon|Yawn|p1a: Clefable\n|move|p1a: Clefable|Yawn|p2a: Hippowdon|[from] ability: Magic Bounce\n|-start|p2a: Hippowdon|move: Yawn|[of] p1a: Clefable\n|\n|-weather|Sandstorm|[upkeep]\n|-damage|p1a: Clefable|39/100|[from] Sandstorm\n|upkeep\n|turn|6\n|\n|t:|1777196791\n|switch|p2a: Slowking|Slowking-Galar, L50, M|100/100\n|move|p1a: Clefable|Draining Kiss|p2a: Slowking\n|-resisted|p2a: Slowking|1\n|-damage|p2a: Slowking|87/100\n|-heal|p1a: Clefable|49/100|[from] drain|[of] p2a: Slowking\n|\n|-weather|Sandstorm|[upkeep]\n|-damage|p1a: Clefable|43/100|[from] Sandstorm\n|-damage|p2a: Slowking|81/100|[from] Sandstorm\n|upkeep\n|turn|7\n|\n|t:|1777196812\n|move|p1a: Clefable|Baton Pass|p1a: Clefable\n|\n|t:|1777196814\n|switch|p1a: Glimmora|Glimmora, L50, F|100/100|[from] Baton Pass\n|move|p2a: Slowking|Sludge Bomb|p1a: Glimmora\n|-resisted|p1a: Glimmora|2\n|-damage|p1a: Glimmora|96/100\n|\n|-weather|Sandstorm|[upkeep]\n|-damage|p2a: Slowking|75/100|[from] Sandstorm\n|upkeep\n|turn|8\n|\n|t:|1777196825\n|move|p1a: Glimmora|Mud Shot|p2a: Slowking\n|-supereffective|p2a: Slowking|1\n|-crit|p2a: Slowking\n|-damage|p2a: Slowking|1/100\n|-unboost|p2a: Slowking|spe|1\n|-prepare|p2a: Slowking|Chilly Reception|[premajor]\n|move|p2a: Slowking|Chilly Reception|p2a: Slowking\n|-weather|Snowscape\n|\n|t:|1777196828\n|-heal|p2a: Slowking|33/100|[from] ability: Regenerator|[silent]\n|switch|p2a: Hippowdon|Hippowdon, L50, F|100/100|[from] Chilly Reception\n|-weather|Sandstorm|[from] ability: Sand Stream|[of] p2a: Hippowdon\n|\n|-weather|Sandstorm|[upkeep]\n|upkeep\n|turn|9\n|\n|t:|1777196851\n|switch|p1a: Clefable|Clefable-Mega, L50, F|43/100\n|move|p2a: Hippowdon|Earthquake|p1a: Clefable\n|-immune|p1a: Clefable\n|\n|-weather|Sandstorm|[upkeep]\n|-damage|p1a: Clefable|37/100|[from] Sandstorm\n|upkeep\n|turn|10\n|\n|t:|1777196860\n|switch|p2a: Slowking|Slowking-Galar, L50, M|33/100\n|move|p1a: Clefable|Calm Mind|p1a: Clefable\n|-boost|p1a: Clefable|spa|1\n|-boost|p1a: Clefable|spd|1\n|\n|-weather|Sandstorm|[upkeep]\n|-damage|p1a: Clefable|31/100|[from] Sandstorm\n|-damage|p2a: Slowking|27/100|[from] Sandstorm\n|upkeep\n|turn|11\n|\n|t:|1777196878\n|move|p1a: Clefable|Draining Kiss|p2a: Slowking\n|-resisted|p2a: Slowking|1\n|-damage|p2a: Slowking|17/100\n|-heal|p1a: Clefable|39/100|[from] drain|[of] p2a: Slowking\n|move|p2a: Slowking|Slack Off|p2a: Slowking\n|-heal|p2a: Slowking|67/100\n|\n|-weather|Sandstorm|[upkeep]\n|-damage|p1a: Clefable|33/100|[from] Sandstorm\n|-damage|p2a: Slowking|61/100|[from] Sandstorm\n|upkeep\n|turn|12\n|\n|t:|1777196888\n|move|p1a: Clefable|Encore|p2a: Slowking\n|-start|p2a: Slowking|Encore\n|move|p2a: Slowking|Slack Off|p2a: Slowking\n|-heal|p2a: Slowking|100/100\n|\n|-weather|none\n|upkeep\n|turn|13\n|\n|t:|1777196902\n|switch|p2a: Hippowdon|Hippowdon, L50, F|100/100\n|-weather|Sandstorm|[from] ability: Sand Stream|[of] p2a: Hippowdon\n|move|p1a: Clefable|Draining Kiss|p2a: Hippowdon\n|-damage|p2a: Hippowdon|66/100\n|-heal|p1a: Clefable|59/100|[from] drain|[of] p2a: Hippowdon\n|\n|-weather|Sandstorm|[upkeep]\n|-damage|p1a: Clefable|53/100|[from] Sandstorm\n|upkeep\n|turn|14\n|\n|t:|1777196915\n|switch|p2a: Slowking|Slowking-Galar, L50, M|100/100\n|move|p1a: Clefable|Calm Mind|p1a: Clefable\n|-boost|p1a: Clefable|spa|1\n|-boost|p1a: Clefable|spd|1\n|\n|-weather|Sandstorm|[upkeep]\n|-damage|p1a: Clefable|48/100|[from] Sandstorm\n|-damage|p2a: Slowking|94/100|[from] Sandstorm\n|upkeep\n|turn|15\n|inactive|driflount drifloon has 30 seconds left.\n|\n|t:|1777196943\n|move|p1a: Clefable|Baton Pass|p1a: Clefable\n|\n|t:|1777196947\n|switch|p1a: Glimmora|Glimmora, L50, F|96/100|[from] Baton Pass\n|move|p2a: Slowking|Sludge Bomb|p1a: Glimmora\n|-resisted|p1a: Glimmora|2\n|-damage|p1a: Glimmora|92/100\n|\n|-weather|Sandstorm|[upkeep]\n|-damage|p2a: Slowking|88/100|[from] Sandstorm\n|upkeep\n|turn|16\n|\n|t:|1777196963\n|move|p1a: Glimmora|Mud Shot|p2a: Slowking\n|-supereffective|p2a: Slowking|1\n|-damage|p2a: Slowking|37/100\n|-unboost|p2a: Slowking|spe|1\n|-prepare|p2a: Slowking|Chilly Reception|[premajor]\n|move|p2a: Slowking|Chilly Reception|p2a: Slowking\n|-weather|Snowscape\n|\n|t:|1777196966\n|-heal|p2a: Slowking|70/100|[from] ability: Regenerator|[silent]\n|switch|p2a: Hippowdon|Hippowdon, L50, F|66/100|[from] Chilly Reception\n|-weather|Sandstorm|[from] ability: Sand Stream|[of] p2a: Hippowdon\n|\n|-weather|Sandstorm|[upkeep]\n|upkeep\n|turn|17\n|\n|t:|1777196984\n|switch|p1a: Clefable|Clefable-Mega, L50, F|48/100\n|move|p2a: Hippowdon|Earthquake|p1a: Clefable\n|-immune|p1a: Clefable\n|\n|-weather|Sandstorm|[upkeep]\n|-damage|p1a: Clefable|42/100|[from] Sandstorm\n|upkeep\n|turn|18\n|\n|t:|1777197004\n|switch|p2a: Slowking|Slowking-Galar, L50, M|70/100\n|move|p1a: Clefable|Calm Mind|p1a: Clefable\n|-boost|p1a: Clefable|spa|1\n|-boost|p1a: Clefable|spd|1\n|\n|-weather|Sandstorm|[upkeep]\n|-damage|p1a: Clefable|36/100|[from] Sandstorm\n|-damage|p2a: Slowking|64/100|[from] Sandstorm\n|upkeep\n|turn|19\n|\n|t:|1777197014\n|move|p1a: Clefable|Baton Pass|p1a: Clefable\n|\n|t:|1777197024\n|switch|p1a: Incineroar|Incineroar, L50, M|20/100y|[from] Baton Pass\n|-ability|p1a: Incineroar|Intimidate|boost\n|-unboost|p2a: Slowking|atk|1\n|move|p2a: Slowking|Sludge Bomb|p1a: Incineroar\n|-damage|p1a: Incineroar|5/100\n|-status|p1a: Incineroar|psn\n|\n|-weather|Sandstorm|[upkeep]\n|-damage|p1a: Incineroar|0 fnt|[from] Sandstorm\n|-damage|p2a: Slowking|58/100|[from] Sandstorm\n|faint|p1a: Incineroar\n|upkeep\n|\n|t:|1777197036\n|switch|p1a: Glimmora|Glimmora, L50, F|92/100\n|turn|20\n|\n|t:|1777197045\n|move|p1a: Glimmora|Stealth Rock|p2a: Slowking\n|-sidestart|p2: kerom.pk|move: Stealth Rock\n|-prepare|p2a: Slowking|Chilly Reception|[premajor]\n|move|p2a: Slowking|Chilly Reception|p2a: Slowking\n|-weather|Snowscape\n|\n|t:|1777197047\n|-heal|p2a: Slowking|92/100|[from] ability: Regenerator|[silent]\n|switch|p2a: Hippowdon|Hippowdon, L50, F|66/100|[from] Chilly Reception\n|-damage|p2a: Hippowdon|60/100|[from] Stealth Rock\n|-weather|Sandstorm|[from] ability: Sand Stream|[of] p2a: Hippowdon\n|\n|-weather|Sandstorm|[upkeep]\n|upkeep\n|turn|21\n|\n|t:|1777197061\n|switch|p1a: Clefable|Clefable-Mega, L50, F|36/100\n|move|p2a: Hippowdon|Slack Off|p2a: Hippowdon\n|-heal|p2a: Hippowdon|100/100\n|\n|-weather|Sandstorm|[upkeep]\n|-damage|p1a: Clefable|30/100|[from] Sandstorm\n|upkeep\n|turn|22\n|\n|t:|1777197069\n|switch|p2a: Slowking|Slowking-Galar, L50, M|92/100\n|-damage|p2a: Slowking|79/100|[from] Stealth Rock\n|move|p1a: Clefable|Calm Mind|p1a: Clefable\n|-boost|p1a: Clefable|spa|1\n|-boost|p1a: Clefable|spd|1\n|\n|-weather|Sandstorm|[upkeep]\n|-damage|p1a: Clefable|24/100|[from] Sandstorm\n|-damage|p2a: Slowking|73/100|[from] Sandstorm\n|upkeep\n|turn|23\n|\n|t:|1777197093\n|move|p1a: Clefable|Baton Pass|p1a: Clefable\n|\n|t:|1777197094\n|switch|p1a: Glimmora|Glimmora, L50, F|92/100|[from] Baton Pass\n|move|p2a: Slowking|Sludge Bomb|p1a: Glimmora\n|-resisted|p1a: Glimmora|2\n|-damage|p1a: Glimmora|87/100\n|\n|-weather|Sandstorm|[upkeep]\n|-damage|p2a: Slowking|67/100|[from] Sandstorm\n|upkeep\n|turn|24\n|l| Can do CD St\n|\n|t:|1777197109\n|move|p1a: Glimmora|Mud Shot|p2a: Slowking\n|-supereffective|p2a: Slowking|1\n|-damage|p2a: Slowking|34/100\n|-unboost|p2a: Slowking|spe|1\n|-prepare|p2a: Slowking|Chilly Reception|[premajor]\n|move|p2a: Slowking|Chilly Reception|p2a: Slowking\n|-weather|Snowscape\n|\n|t:|1777197111\n|-heal|p2a: Slowking|67/100|[from] ability: Regenerator|[silent]\n|switch|p2a: Hippowdon|Hippowdon, L50, F|100/100|[from] Chilly Reception\n|-damage|p2a: Hippowdon|93/100|[from] Stealth Rock\n|-weather|Sandstorm|[from] ability: Sand Stream|[of] p2a: Hippowdon\n|\n|-weather|Sandstorm|[upkeep]\n|upkeep\n|turn|25\n|\n|t:|1777197126\n|move|p1a: Glimmora|Mortal Spin|p2a: Hippowdon\n|-resisted|p2a: Hippowdon|1\n|-damage|p2a: Hippowdon|92/100\n|-status|p2a: Hippowdon|psn\n|move|p2a: Hippowdon|Earthquake|p1a: Glimmora\n|-supereffective|p1a: Glimmora|2\n|-damage|p1a: Glimmora|0 fnt\n|-activate|p1a: Glimmora|ability: Toxic Debris\n|-sidestart|p2: kerom.pk|move: Toxic Spikes\n|faint|p1a: Glimmora\n|\n|-weather|Sandstorm|[upkeep]\n|-damage|p2a: Hippowdon|80/100 psn|[from] psn\n|upkeep\n|\n|t:|1777197137\n|switch|p1a: Clefable|Clefable-Mega, L50, F|24/100\n|turn|26\n|\n|t:|1777197145\n|switch|p2a: Slowking|Slowking-Galar, L50, M|67/100\n|-damage|p2a: Slowking|54/100|[from] Stealth Rock\n|-sideend|p2: kerom.pk|move: Toxic Spikes|[of] p2a: Slowking\n|move|p1a: Clefable|Calm Mind|p1a: Clefable\n|-boost|p1a: Clefable|spa|1\n|-boost|p1a: Clefable|spd|1\n|\n|-weather|Sandstorm|[upkeep]\n|-damage|p1a: Clefable|18/100|[from] Sandstorm\n|-damage|p2a: Slowking|49/100|[from] Sandstorm\n|upkeep\n|turn|27\n|\n|t:|1777197154\n|move|p1a: Clefable|Draining Kiss|p2a: Slowking\n|-resisted|p2a: Slowking|1\n|-damage|p2a: Slowking|39/100\n|-heal|p1a: Clefable|25/100|[from] drain|[of] p2a: Slowking\n|move|p2a: Slowking|Sludge Bomb|p1a: Clefable\n|-supereffective|p1a: Clefable|1\n|-damage|p1a: Clefable|0 fnt\n|faint|p1a: Clefable\n|\n|win|kerom.pk\n|raw|driflount drifloon's rating: 1229 &rarr; <strong>1213</strong><br />(-16 for losing)\n|raw|kerom.pk's rating: 1360 &rarr; <strong>1373</strong><br />(+13 for winning)\n", "uploadtime": 1777197164, "views": 5, "formatid": "gen9championsbssregma", "rating": 1213, "private": 0, "password": null}