{"id": "gen9championsbssregma-2593574488", "format": "[Gen 9 Champions] BSS Reg M-A", "players": ["zhiyongyici", "2siu"], "log": "|j|\u2606zhiyongyici\n|j|\u26062siu\n|t:|1777099113\n|gametype|singles\n|player|p1|zhiyongyici|clerk|1220\n|player|p2|2siu|1|1382\n|gen|9\n|tier|[Gen 9 Champions] BSS Reg M-A\n|rated|\n|rule|Species Clause: Limit one of each Pok\u00e9mon\n|rule|Item Clause: Limit 1 of each item\n|clearpoke\n|poke|p1|Starmie, L50|\n|poke|p1|Dragonite, L50, F|\n|poke|p1|Dragapult, L50, M|\n|poke|p1|Camerupt, L50, M|\n|poke|p1|Primarina, L50, F|\n|poke|p1|Sneasler, L50, F|\n|poke|p2|Starmie, L50|\n|poke|p2|Archaludon, L50, F|\n|poke|p2|Pelipper, L50, M|\n|poke|p2|Lucario, L50, F|\n|poke|p2|Garchomp, L50, M|\n|poke|p2|Rotom-Heat, L50|\n|teampreview|3\n|inactive|Battle timer is ON: inactive players will automatically lose when time's up. (requested by 2siu)\n|\n|t:|1777099138\n|teamsize|p1|3\n|teamsize|p2|3\n|start\n|switch|p1a: Dragapult|Dragapult, L50, M|100/100\n|switch|p2a: Garchomp|Garchomp, L50, M|100/100\n|turn|1\n|\n|t:|1777099146\n|move|p1a: Dragapult|Dragon Dance|p1a: Dragapult\n|-boost|p1a: Dragapult|atk|1\n|-boost|p1a: Dragapult|spe|1\n|move|p2a: Garchomp|Outrage|p1a: Dragapult\n|-supereffective|p1a: Dragapult|1\n|-enditem|p1a: Dragapult|Focus Sash\n|-damage|p1a: Dragapult|1/100\n|\n|upkeep\n|turn|2\n|\n|t:|1777099155\n|move|p1a: Dragapult|Dragon Darts|p2a: Garchomp\n|-supereffective|p2a: Garchomp|1\n|-damage|p2a: Garchomp|28/100\n|-anim|p1a: Dragapult|Dragon Darts|p2a: Garchomp\n|-supereffective|p2a: Garchomp|1\n|-damage|p2a: Garchomp|0 fnt\n|faint|p2a: Garchomp\n|\n|upkeep\n|\n|t:|1777099163\n|switch|p2a: Rotom|Rotom-Heat, L50|100/100\n|turn|3\n|\n|t:|1777099167\n|move|p1a: Dragapult|Dragon Darts|p2a: Rotom\n|-damage|p2a: Rotom|54/100\n|-anim|p1a: Dragapult|Dragon Darts|p2a: Rotom\n|-damage|p2a: Rotom|4/100\n|move|p2a: Rotom|Volt Switch|p1a: Dragapult\n|-resisted|p1a: Dragapult|1\n|-damage|p1a: Dragapult|0 fnt\n|faint|p1a: Dragapult\n|\n|t:|1777099176\n|switch|p2a: Lucario|Lucario, L50, F|100/100|[from] Volt Switch\n|\n|upkeep\n|\n|t:|1777099192\n|switch|p1a: Sneasler|Sneasler, L50, F|100/100\n|turn|4\n|\n|t:|1777099205\n|switch|p2a: Rotom|Rotom-Heat, L50|4/100\n|move|p1a: Sneasler|Close Combat|p2a: Rotom\n|-crit|p2a: Rotom\n|-damage|p2a: Rotom|0 fnt\n|-unboost|p1a: Sneasler|def|1\n|-unboost|p1a: Sneasler|spd|1\n|faint|p2a: Rotom\n|\n|upkeep\n|\n|t:|1777099216\n|switch|p2a: Lucario|Lucario, L50, F|100/100\n|turn|5\n|\n|t:|1777099225\n|switch|p1a: Primarina|Primarina, L50, F|100/100\n|detailschange|p2a: Lucario|Lucario-Mega, L50, F\n|-mega|p2a: Lucario|Lucario|Lucarionite\n|move|p2a: Lucario|Flash Cannon|p1a: Primarina\n|-damage|p1a: Primarina|55/100\n|\n|upkeep\n|turn|6\n|inactive|2siu has 30 seconds left.\n|\n|t:|1777099250\n|move|p2a: Lucario|Flash Cannon|p1a: Primarina\n|-damage|p1a: Primarina|2/100\n|move|p1a: Primarina|Moonblast|p2a: Lucario\n|-crit|p2a: Lucario\n|-damage|p2a: Lucario|0 fnt\n|faint|p2a: Lucario\n|\n|win|zhiyongyici\n|raw|zhiyongyici's rating: 1220 &rarr; <strong>1256</strong><br />(+36 for winning)\n|raw|2siu's rating: 1382 &rarr; <strong>1353</strong><br />(-29 for losing)\n|c|\u2606zhiyongyici|Flash Canon\uff1f\n", "uploadtime": 1777099267, "views": 2, "formatid": "gen9championsbssregma", "rating": 1256, "private": 0, "password": null}