{"id": "gen9championsbssregma-2591802939", "format": "[Gen 9 Champions] BSS Reg M-A", "players": ["burntime", "Jocelyn lose"], "log": "|j|\u2606burntime\n|j|\u2606Jocelyn lose\n|t:|1776940259\n|gametype|singles\n|player|p1|burntime|170|1117\n|player|p2|Jocelyn lose|hiker-gen4|1198\n|gen|9\n|tier|[Gen 9 Champions] BSS Reg M-A\n|rated|\n|rule|Species Clause: Limit one of each Pok\u00e9mon\n|rule|Item Clause: Limit 1 of each item\n|clearpoke\n|poke|p1|Volcarona, L50, F|\n|poke|p1|Espathra, L50, M|\n|poke|p1|Dragonite, L50, M|\n|poke|p1|Aegislash, L50, F|\n|poke|p1|Meganium, L50, M|\n|poke|p1|Glimmora, L50, M|\n|poke|p2|Meowscarada, L50, M|\n|poke|p2|Garchomp, L50, F|\n|poke|p2|Hippowdon, L50, M|\n|poke|p2|Meganium, L50, M|\n|poke|p2|Scizor, L50, F|\n|poke|p2|Ninetales-Alola, L50, M|\n|teampreview|3\n|\n|t:|1776940297\n|teamsize|p1|3\n|teamsize|p2|3\n|start\n|switch|p1a: Glimmora|Glimmora, L50, M|100/100\n|switch|p2a: Ninetales|Ninetales-Alola, L50, M|100/100\n|-weather|Snowscape|[from] ability: Snow Warning|[of] p2a: Ninetales\n|turn|1\n|\n|t:|1776940313\n|move|p2a: Ninetales|Agility|p2a: Ninetales\n|-boost|p2a: Ninetales|spe|2\n|move|p1a: Glimmora|Stealth Rock|p2a: Ninetales\n|-sidestart|p2: Jocelyn lose|move: Stealth Rock\n|\n|-weather|Snowscape|[upkeep]\n|upkeep\n|turn|2\n|\n|t:|1776940324\n|move|p2a: Ninetales|Aurora Veil|p2a: Ninetales\n|-sidestart|p2: Jocelyn lose|move: Aurora Veil\n|move|p1a: Glimmora|Power Gem|p2a: Ninetales\n|-supereffective|p2a: Ninetales|1\n|-damage|p2a: Ninetales|58/100\n|\n|-weather|Snowscape|[upkeep]\n|upkeep\n|turn|3\n|\n|t:|1776940331\n|move|p2a: Ninetales|Blizzard|p1a: Glimmora\n|-damage|p1a: Glimmora|64/100\n|move|p1a: Glimmora|Power Gem|p2a: Ninetales\n|-supereffective|p2a: Ninetales|1\n|-damage|p2a: Ninetales|15/100\n|\n|-weather|Snowscape|[upkeep]\n|upkeep\n|turn|4\n|\n|t:|1776940339\n|move|p2a: Ninetales|Baton Pass|p2a: Ninetales\n|\n|t:|1776940341\n|switch|p2a: Meganium|Meganium, L50, M|100/100|[from] Baton Pass\n|-damage|p2a: Meganium|88/100|[from] Stealth Rock\n|move|p1a: Glimmora|Power Gem|p2a: Meganium\n|-damage|p2a: Meganium|65/100\n|\n|-weather|Snowscape|[upkeep]\n|upkeep\n|turn|5\n|\n|t:|1776940353\n|detailschange|p2a: Meganium|Meganium-Mega, L50, M\n|-mega|p2a: Meganium|Meganium|Meganiumite\n|move|p2a: Meganium|Earth Power|p1a: Glimmora\n|-supereffective|p1a: Glimmora|2\n|-damage|p1a: Glimmora|0 fnt\n|faint|p1a: Glimmora\n|\n|-weather|none\n|upkeep\n|\n|t:|1776940367\n|switch|p1a: Espathra|Espathra, L50, M|100/100\n|turn|6\n|\n|t:|1776940371\n|move|p1a: Espathra|Protect|p1a: Espathra\n|-singleturn|p1a: Espathra|Protect\n|move|p2a: Meganium|Weather Ball|p1a: Espathra\n|-activate|p1a: Espathra|move: Protect\n|\n|-sideend|p2: Jocelyn lose|move: Aurora Veil\n|-ability|p1a: Espathra|Speed Boost|boost\n|-boost|p1a: Espathra|spe|1\n|upkeep\n|turn|7\n|\n|t:|1776940381\n|move|p1a: Espathra|Calm Mind|p1a: Espathra\n|-boost|p1a: Espathra|spa|1\n|-boost|p1a: Espathra|spd|1\n|move|p2a: Meganium|Weather Ball|p1a: Espathra\n|-damage|p1a: Espathra|37/100\n|-enditem|p1a: Espathra|Sitrus Berry|[eat]\n|-heal|p1a: Espathra|62/100|[from] item: Sitrus Berry\n|\n|-ability|p1a: Espathra|Speed Boost|boost\n|-boost|p1a: Espathra|spe|1\n|upkeep\n|turn|8\n|\n|t:|1776940399\n|move|p1a: Espathra|Protect|p1a: Espathra\n|-singleturn|p1a: Espathra|Protect\n|move|p2a: Meganium|Weather Ball|p1a: Espathra\n|-activate|p1a: Espathra|move: Protect\n|\n|-ability|p1a: Espathra|Speed Boost|boost\n|-boost|p1a: Espathra|spe|1\n|upkeep\n|turn|9\n|\n|t:|1776940408\n|move|p1a: Espathra|Calm Mind|p1a: Espathra\n|-boost|p1a: Espathra|spa|1\n|-boost|p1a: Espathra|spd|1\n|move|p2a: Meganium|Weather Ball|p1a: Espathra\n|-damage|p1a: Espathra|13/100\n|\n|-ability|p1a: Espathra|Speed Boost|boost\n|-boost|p1a: Espathra|spe|1\n|upkeep\n|turn|10\n|\n|t:|1776940419\n|move|p1a: Espathra|Baton Pass|p1a: Espathra\n|\n|t:|1776940420\n|switch|p1a: Volcarona|Volcarona, L50, F|100/100|[from] Baton Pass\n|move|p2a: Meganium|Weather Ball|p1a: Volcarona\n|-damage|p1a: Volcarona|73/100\n|\n|-heal|p1a: Volcarona|79/100|[from] item: Leftovers\n|upkeep\n|turn|11\n|\n|t:|1776940441\n|move|p1a: Volcarona|Fiery Dance|p2a: Meganium\n|-supereffective|p2a: Meganium|1\n|-damage|p2a: Meganium|0 fnt\n|-boost|p1a: Volcarona|spa|1\n|faint|p2a: Meganium\n|\n|-heal|p1a: Volcarona|85/100|[from] item: Leftovers\n|upkeep\n|\n|t:|1776940453\n|switch|p2a: Meowscarada|Meowscarada, L50, M|100/100\n|-damage|p2a: Meowscarada|89/100|[from] Stealth Rock\n|turn|12\n|\n|t:|1776940458\n|move|p1a: Volcarona|Fiery Dance|p2a: Meowscarada\n|-supereffective|p2a: Meowscarada|1\n|-damage|p2a: Meowscarada|0 fnt\n|-boost|p1a: Volcarona|spa|1\n|faint|p2a: Meowscarada\n|\n|-heal|p1a: Volcarona|91/100|[from] item: Leftovers\n|upkeep\n|\n|t:|1776940466\n|switch|p2a: Ninetales|Ninetales-Alola, L50, M|15/100\n|-damage|p2a: Ninetales|0 fnt|[from] Stealth Rock\n|faint|p2a: Ninetales\n|\n|win|burntime\n|raw|burntime's rating: 1117 &rarr; <strong>1148</strong><br />(+31 for winning)\n|raw|Jocelyn lose's rating: 1198 &rarr; <strong>1167</strong><br />(-31 for losing)\n", "uploadtime": 1776940472, "views": 10, "formatid": "gen9championsbssregma", "rating": 1148, "private": 0, "password": null}