{"id": "gen9championsbssregma-2590661484", "format": "[Gen 9 Champions] BSS Reg M-A", "players": ["jolextestteam93", "Lo7604"], "log": "|j|\u2606jolextestteam93\n|j|\u2606Lo7604\n|t:|1776831361\n|gametype|singles\n|player|p1|jolextestteam93|lucas|1187\n|player|p2|Lo7604|102|1161\n|gen|9\n|tier|[Gen 9 Champions] BSS Reg M-A\n|rated|\n|rule|Species Clause: Limit one of each Pok\u00e9mon\n|rule|Item Clause: Limit 1 of each item\n|clearpoke\n|poke|p1|Charizard, L50, M|\n|poke|p1|Greninja, L50, M, shiny|\n|poke|p1|Hippowdon, L50, M|\n|poke|p1|Meowscarada, L50, F|\n|poke|p1|Tinkaton, L50, F|\n|poke|p1|Rotom-Frost, L50, shiny|\n|poke|p2|Primarina, L50, F, shiny|\n|poke|p2|Sharpedo, L50, M|\n|poke|p2|Excadrill, L50, M, shiny|\n|poke|p2|Venusaur, L50, F, shiny|\n|poke|p2|Blastoise, L50, F, shiny|\n|poke|p2|Garchomp, L50, M, shiny|\n|teampreview|3\n|l|\u2606jolextestteam93\n|player|p1|\n|j|\u2606jolextestteam93\n|player|p1|jolextestteam93|lucas|\n|inactive|Battle timer is ON: inactive players will automatically lose when time's up. (requested by jolextestteam93)\n|\n|t:|1776831405\n|teamsize|p1|3\n|teamsize|p2|3\n|start\n|switch|p1a: Rotom|Rotom-Frost, L50, shiny|100/100\n|switch|p2a: Primarina|Primarina, L50, F, shiny|100/100\n|turn|1\n|\n|t:|1776831417\n|switch|p2a: Excadrill|Excadrill, L50, M, shiny|100/100\n|-ability|p2a: Excadrill|Mold Breaker\n|move|p1a: Rotom|Trick|p2a: Excadrill\n|-activate|p1a: Rotom|move: Trick|[of] p2a: Excadrill\n|-item|p2a: Excadrill|Choice Scarf|[from] move: Trick\n|-item|p1a: Rotom|Focus Sash|[from] move: Trick\n|\n|upkeep\n|turn|2\n|\n|t:|1776831431\n|switch|p1a: Hippowdon|Hippowdon, L50, M|100/100\n|-weather|Sandstorm|[from] ability: Sand Stream|[of] p1a: Hippowdon\n|move|p2a: Excadrill|Earthquake|p1a: Hippowdon\n|-damage|p1a: Hippowdon|73/100\n|\n|-weather|Sandstorm|[upkeep]\n|-heal|p1a: Hippowdon|79/100|[from] item: Leftovers\n|upkeep\n|turn|3\n|\n|t:|1776831448\n|switch|p2a: Primarina|Primarina, L50, F, shiny|100/100\n|move|p1a: Hippowdon|Stealth Rock|p2a: Primarina\n|-sidestart|p2: Lo7604|move: Stealth Rock\n|\n|-weather|Sandstorm|[upkeep]\n|-damage|p2a: Primarina|94/100|[from] Sandstorm\n|-heal|p1a: Hippowdon|85/100|[from] item: Leftovers\n|upkeep\n|turn|4\n|\n|t:|1776831460\n|switch|p1a: Rotom|Rotom-Frost, L50, shiny|100/100\n|move|p2a: Primarina|Sparkling Aria|p1a: Rotom\n|-damage|p1a: Rotom|32/100\n|\n|-weather|Sandstorm|[upkeep]\n|-damage|p1a: Rotom|26/100|[from] Sandstorm\n|-damage|p2a: Primarina|88/100|[from] Sandstorm\n|upkeep\n|turn|5\n|\n|t:|1776831469\n|move|p1a: Rotom|Will-O-Wisp|p2a: Primarina\n|-status|p2a: Primarina|brn\n|move|p2a: Primarina|Sparkling Aria|p1a: Rotom\n|-damage|p1a: Rotom|0 fnt\n|faint|p1a: Rotom\n|\n|-weather|Sandstorm|[upkeep]\n|-damage|p2a: Primarina|82/100 brn|[from] Sandstorm\n|-damage|p2a: Primarina|76/100 brn|[from] brn\n|upkeep\n|\n|t:|1776831472\n|switch|p1a: Charizard|Charizard, L50, M|100/100\n|turn|6\n|\n|t:|1776831484\n|detailschange|p1a: Charizard|Charizard-Mega-X, L50, M\n|-mega|p1a: Charizard|Charizard|Charizardite X\n|move|p1a: Charizard|Dragon Dance|p1a: Charizard\n|-boost|p1a: Charizard|atk|1\n|-boost|p1a: Charizard|spe|1\n|move|p2a: Primarina|Sparkling Aria|p1a: Charizard\n|-damage|p1a: Charizard|29/100\n|\n|-weather|none\n|-damage|p2a: Primarina|70/100 brn|[from] brn\n|upkeep\n|turn|7\n|\n|t:|1776831495\n|move|p1a: Charizard|Earthquake|p2a: Primarina\n|-damage|p2a: Primarina|0 fnt\n|faint|p2a: Primarina\n|\n|upkeep\n|\n|t:|1776831502\n|switch|p2a: Excadrill|Excadrill, L50, M, shiny|100/100\n|-damage|p2a: Excadrill|98/100|[from] Stealth Rock\n|-ability|p2a: Excadrill|Mold Breaker\n|turn|8\n|\n|t:|1776831509\n|move|p1a: Charizard|Earthquake|p2a: Excadrill\n|-supereffective|p2a: Excadrill|1\n|-damage|p2a: Excadrill|0 fnt\n|faint|p2a: Excadrill\n|\n|upkeep\n|\n|t:|1776831515\n|switch|p2a: Sharpedo|Sharpedo, L50, M|100/100\n|-damage|p2a: Sharpedo|88/100|[from] Stealth Rock\n|turn|9\n|\n|t:|1776831528\n|move|p2a: Sharpedo|Protect|p2a: Sharpedo\n|-singleturn|p2a: Sharpedo|Protect\n|move|p1a: Charizard|Dragon Claw|p2a: Sharpedo\n|-activate|p2a: Sharpedo|move: Protect\n|\n|-ability|p2a: Sharpedo|Speed Boost|boost\n|-boost|p2a: Sharpedo|spe|1\n|upkeep\n|turn|10\n|\n|t:|1776831541\n|detailschange|p2a: Sharpedo|Sharpedo-Mega, L50, M\n|-mega|p2a: Sharpedo|Sharpedo|Sharpedonite\n|move|p1a: Charizard|Dragon Claw|p2a: Sharpedo\n|-damage|p2a: Sharpedo|0 fnt\n|faint|p2a: Sharpedo\n|\n|win|jolextestteam93\n|raw|jolextestteam93's rating: 1187 &rarr; <strong>1210</strong><br />(+23 for winning)\n|raw|Lo7604's rating: 1161 &rarr; <strong>1138</strong><br />(-23 for losing)\n|l|\u2606jolextestteam93\n|player|p1|\n|l|\u2606Lo7604\n|player|p2|\n", "uploadtime": 1776831596, "views": 2, "formatid": "gen9championsbssregma", "rating": 1138, "private": 0, "password": null}