{"id": "gen9championsbssregma-2593489955", "format": "[Gen 9 Champions] BSS Reg M-A", "players": ["Lanaest", "tanesona"], "log": "|j|\u2606Lanaest\n|j|\u2606tanesona\n|t:|1777088059\n|gametype|singles\n|player|p1|Lanaest|cynthia|1249\n|player|p2|tanesona|101|1353\n|gen|9\n|tier|[Gen 9 Champions] BSS Reg M-A\n|rated|\n|rule|Species Clause: Limit one of each Pok\u00e9mon\n|rule|Item Clause: Limit 1 of each item\n|clearpoke\n|poke|p1|Delphox, L50, F|\n|poke|p1|Gallade, L50, M|\n|poke|p1|Scizor, L50, M|\n|poke|p1|Lopunny, L50, F|\n|poke|p1|Primarina, L50, F|\n|poke|p1|Garchomp, L50, F|\n|poke|p2|Slowbro, L50, M|\n|poke|p2|Ditto, L50|\n|poke|p2|Torterra, L50, F|\n|poke|p2|Charizard, L50, M|\n|poke|p2|Scizor, L50, F|\n|poke|p2|Ninetales-Alola, L50, M|\n|teampreview|3\n|inactive|Battle timer is ON: inactive players will automatically lose when time's up. (requested by tanesona)\n|j| gaurav op\n|j| bromerta\n|\n|t:|1777088087\n|teamsize|p1|3\n|teamsize|p2|3\n|start\n|switch|p1a: Gallade|Gallade, L50, M|100/100\n|switch|p2a: Torterra|Torterra, L50, F|100/100\n|turn|1\n|\n|t:|1777088096\n|move|p1a: Gallade|Sacred Sword|p2a: Torterra\n|-damage|p2a: Torterra|22/100\n|move|p2a: Torterra|Shell Smash|p2a: Torterra\n|-unboost|p2a: Torterra|def|1\n|-unboost|p2a: Torterra|spd|1\n|-boost|p2a: Torterra|atk|2\n|-boost|p2a: Torterra|spa|2\n|-boost|p2a: Torterra|spe|2\n|\n|upkeep\n|turn|2\n|\n|t:|1777088113\n|move|p1a: Gallade|Shadow Sneak|p2a: Torterra\n|-damage|p2a: Torterra|0 fnt\n|faint|p2a: Torterra\n|\n|upkeep\n|\n|t:|1777088117\n|switch|p2a: Slowbro|Slowbro, L50, M|100/100\n|turn|3\n|\n|t:|1777088121\n|move|p1a: Gallade|Leaf Blade|p2a: Slowbro\n|-supereffective|p2a: Slowbro|1\n|-damage|p2a: Slowbro|45/100\n|move|p2a: Slowbro|Chilling Water|p1a: Gallade\n|-damage|p1a: Gallade|80/100\n|-unboost|p1a: Gallade|atk|1\n|\n|-heal|p2a: Slowbro|51/100|[from] item: Leftovers\n|upkeep\n|turn|4\n|\n|t:|1777088132\n|move|p1a: Gallade|Leaf Blade|p2a: Slowbro\n|-supereffective|p2a: Slowbro|1\n|-damage|p2a: Slowbro|12/100\n|move|p2a: Slowbro|Slack Off|p2a: Slowbro\n|-heal|p2a: Slowbro|62/100\n|\n|-heal|p2a: Slowbro|68/100|[from] item: Leftovers\n|upkeep\n|turn|5\n|\n|t:|1777088145\n|move|p1a: Gallade|Leaf Blade|p2a: Slowbro\n|-supereffective|p2a: Slowbro|1\n|-damage|p2a: Slowbro|28/100\n|move|p2a: Slowbro|Calm Mind|p2a: Slowbro\n|-boost|p2a: Slowbro|spa|1\n|-boost|p2a: Slowbro|spd|1\n|\n|-heal|p2a: Slowbro|34/100|[from] item: Leftovers\n|upkeep\n|turn|6\n|\n|t:|1777088155\n|move|p1a: Gallade|Leaf Blade|p2a: Slowbro\n|-supereffective|p2a: Slowbro|1\n|-damage|p2a: Slowbro|0 fnt\n|faint|p2a: Slowbro\n|\n|upkeep\n|-message|tanesona forfeited.\n|\n|win|Lanaest\n|raw|Lanaest's rating: 1249 &rarr; <strong>1281</strong><br />(+32 for winning)\n|raw|tanesona's rating: 1353 &rarr; <strong>1327</strong><br />(-26 for losing)\n|l|\u2606tanesona\n|player|p2|\n", "uploadtime": 1777088163, "views": 12, "formatid": "gen9championsbssregma", "rating": 1281, "private": 0, "password": null}