{"id": "gen9championsbssregma-2593511201", "format": "[Gen 9 Champions] BSS Reg M-A", "players": ["csgogo", "Altbou"], "log": "|j|\u2606csgogo\n|j|\u2606Altbou\n|t:|1777090521\n|gametype|singles\n|player|p1|csgogo|hiker-gen4|1362\n|player|p2|Altbou|265|1362\n|gen|9\n|tier|[Gen 9 Champions] BSS Reg M-A\n|rated|\n|rule|Species Clause: Limit one of each Pok\u00e9mon\n|rule|Item Clause: Limit 1 of each item\n|clearpoke\n|poke|p1|Rotom-Wash, L50|\n|poke|p1|Lopunny, L50, M|\n|poke|p1|Garchomp, L50, M|\n|poke|p1|Volcarona, L50, F|\n|poke|p1|Blastoise, L50, F|\n|poke|p1|Clefable, L50, F|\n|poke|p2|Palafin, L50, F|\n|poke|p2|Venusaur, L50, F|\n|poke|p2|Sableye, L50, M|\n|poke|p2|Slowking-Galar, L50, F|\n|poke|p2|Garchomp, L50, F|\n|poke|p2|Hippowdon, L50, F|\n|teampreview|3\n|inactive|Battle timer is ON: inactive players will automatically lose when time's up. (requested by Altbou)\n|\n|t:|1777090570\n|teamsize|p1|3\n|teamsize|p2|3\n|start\n|switch|p1a: Lopunny|Lopunny, L50, M|100/100\n|switch|p2a: Hippowdon|Hippowdon, L50, F|100/100\n|-weather|Sandstorm|[from] ability: Sand Stream|[of] p2a: Hippowdon\n|turn|1\n|\n|t:|1777090579\n|detailschange|p1a: Lopunny|Lopunny-Mega, L50, M\n|-mega|p1a: Lopunny|Lopunny|Lopunnite\n|move|p1a: Lopunny|Fake Out|p2a: Hippowdon\n|-damage|p2a: Hippowdon|87/100\n|cant|p2a: Hippowdon|flinch\n|\n|-weather|Sandstorm|[upkeep]\n|-damage|p1a: Lopunny|95/100|[from] Sandstorm\n|upkeep\n|turn|2\n|\n|t:|1777090591\n|move|p1a: Lopunny|U-turn|p2a: Hippowdon\n|-damage|p2a: Hippowdon|72/100\n|\n|t:|1777090593\n|switch|p1a: Rotom|Rotom-Wash, L50|100/100|[from] U-turn\n|move|p2a: Hippowdon|Earthquake|p1a: Rotom\n|-immune|p1a: Rotom|[from] ability: Levitate\n|\n|-weather|Sandstorm|[upkeep]\n|-damage|p1a: Rotom|95/100|[from] Sandstorm\n|-heal|p1a: Rotom|100/100|[from] item: Leftovers\n|upkeep\n|turn|3\n|\n|t:|1777090604\n|switch|p2a: Venusaur|Venusaur, L50, F|100/100\n|move|p1a: Rotom|Will-O-Wisp|p2a: Venusaur\n|-status|p2a: Venusaur|brn\n|\n|-weather|Sandstorm|[upkeep]\n|-damage|p1a: Rotom|95/100|[from] Sandstorm\n|-damage|p2a: Venusaur|95/100 brn|[from] Sandstorm\n|-heal|p1a: Rotom|100/100|[from] item: Leftovers\n|-damage|p2a: Venusaur|89/100 brn|[from] brn\n|upkeep\n|turn|4\n|\n|t:|1777090616\n|detailschange|p2a: Venusaur|Venusaur-Mega, L50, F\n|-mega|p2a: Venusaur|Venusaur|Venusaurite\n|move|p1a: Rotom|Volt Switch|p2a: Venusaur\n|-resisted|p2a: Venusaur|1\n|-damage|p2a: Venusaur|81/100 brn\n|\n|t:|1777090622\n|switch|p1a: Lopunny|Lopunny-Mega, L50, M|95/100|[from] Volt Switch\n|move|p2a: Venusaur|Leech Seed|p1a: Lopunny\n|-start|p1a: Lopunny|move: Leech Seed\n|\n|-weather|Sandstorm|[upkeep]\n|-damage|p1a: Lopunny|89/100|[from] Sandstorm\n|-damage|p2a: Venusaur|75/100 brn|[from] Sandstorm\n|-damage|p1a: Lopunny|77/100|[from] Leech Seed|[of] p2a: Venusaur\n|-heal|p2a: Venusaur|84/100 brn|[silent]\n|-damage|p2a: Venusaur|78/100 brn|[from] brn\n|upkeep\n|turn|5\n|\n|t:|1777090633\n|switch|p2a: Hippowdon|Hippowdon, L50, F|72/100\n|move|p1a: Lopunny|Fake Out|p2a: Hippowdon\n|-damage|p2a: Hippowdon|60/100\n|\n|-weather|none\n|-damage|p1a: Lopunny|65/100|[from] Leech Seed|[of] p2a: Hippowdon\n|-heal|p2a: Hippowdon|67/100|[silent]\n|upkeep\n|turn|6\n|\n|t:|1777090643\n|move|p1a: Lopunny|U-turn|p2a: Hippowdon|[miss]\n|-miss|p1a: Lopunny|p2a: Hippowdon\n|move|p2a: Hippowdon|Yawn|p1a: Lopunny\n|-start|p1a: Lopunny|move: Yawn|[of] p2a: Hippowdon\n|\n|-damage|p1a: Lopunny|53/100|[from] Leech Seed|[of] p2a: Hippowdon\n|-heal|p2a: Hippowdon|75/100|[silent]\n|upkeep\n|turn|7\n|\n|t:|1777090652\n|move|p1a: Lopunny|U-turn|p2a: Hippowdon\n|-damage|p2a: Hippowdon|61/100\n|\n|t:|1777090654\n|switch|p1a: Rotom|Rotom-Wash, L50|100/100|[from] U-turn\n|move|p2a: Hippowdon|Yawn|p1a: Rotom\n|-start|p1a: Rotom|move: Yawn|[of] p2a: Hippowdon\n|\n|upkeep\n|turn|8\n|\n|t:|1777090662\n|move|p1a: Rotom|Hydro Pump|p2a: Hippowdon\n|-supereffective|p2a: Hippowdon|1\n|-damage|p2a: Hippowdon|0 fnt\n|faint|p2a: Hippowdon\n|\n|-end|p1a: Rotom|move: Yawn|[silent]\n|-status|p1a: Rotom|slp\n|upkeep\n|\n|t:|1777090665\n|switch|p2a: Venusaur|Venusaur-Mega, L50, F|78/100 brn\n|turn|9\n|\n|t:|1777090672\n|cant|p1a: Rotom|slp\n|move|p2a: Venusaur|Giga Drain|p1a: Rotom\n|-supereffective|p1a: Rotom|1\n|-damage|p1a: Rotom|32/100 slp\n|-heal|p2a: Venusaur|100/100 brn|[from] drain|[of] p1a: Rotom\n|\n|-heal|p1a: Rotom|37/100 slp|[from] item: Leftovers\n|-damage|p2a: Venusaur|95/100 brn|[from] brn\n|upkeep\n|turn|10\n|\n|t:|1777090684\n|cant|p1a: Rotom|slp\n|move|p2a: Venusaur|Giga Drain|p1a: Rotom\n|-supereffective|p1a: Rotom|1\n|-damage|p1a: Rotom|0 fnt\n|-heal|p2a: Venusaur|100/100 brn|[from] drain|[of] p1a: Rotom\n|faint|p1a: Rotom\n|\n|-damage|p2a: Venusaur|95/100 brn|[from] brn\n|upkeep\n|\n|t:|1777090694\n|switch|p1a: Lopunny|Lopunny-Mega, L50, M|53/100\n|turn|11\n|\n|t:|1777090697\n|switch|p2a: Garchomp|Garchomp, L50, F|100/100\n|move|p1a: Lopunny|Fake Out|p2a: Garchomp\n|-damage|p2a: Garchomp|77/100\n|-damage|p1a: Lopunny|41/100|[from] ability: Rough Skin|[of] p2a: Garchomp\n|\n|upkeep\n|turn|12\n|\n|t:|1777090708\n|move|p1a: Lopunny|Triple Axel|p2a: Garchomp\n|-supereffective|p2a: Garchomp|2\n|-damage|p2a: Garchomp|44/100\n|-damage|p1a: Lopunny|29/100|[from] ability: Rough Skin|[of] p2a: Garchomp\n|-hitcount|p2a: Garchomp|1\n|move|p2a: Garchomp|Rock Tomb|p1a: Lopunny\n|-resisted|p1a: Lopunny|1\n|-damage|p1a: Lopunny|15/100\n|-unboost|p1a: Lopunny|spe|1\n|\n|upkeep\n|turn|13\n|\n|t:|1777090719\n|switch|p1a: Garchomp|Garchomp, L50, M|100/100\n|move|p2a: Garchomp|Earthquake|p1a: Garchomp\n|-damage|p1a: Garchomp|50/100\n|\n|upkeep\n|turn|14\n|\n|t:|1777090731\n|move|p1a: Garchomp|Outrage|p2a: Garchomp\n|-supereffective|p2a: Garchomp|1\n|-damage|p2a: Garchomp|0 fnt\n|-damage|p1a: Garchomp|38/100|[from] ability: Rough Skin|[of] p2a: Garchomp\n|faint|p2a: Garchomp\n|\n|upkeep\n|\n|t:|1777090733\n|switch|p2a: Venusaur|Venusaur-Mega, L50, F|95/100 brn\n|turn|15\n|\n|t:|1777090740\n|move|p1a: Garchomp|Outrage|p2a: Venusaur|[from] lockedmove\n|-damage|p2a: Venusaur|45/100 brn\n|move|p2a: Venusaur|Giga Drain|p1a: Garchomp\n|-damage|p1a: Garchomp|2/100\n|-heal|p2a: Venusaur|63/100 brn|[from] drain|[of] p1a: Garchomp\n|\n|-damage|p2a: Venusaur|57/100 brn|[from] brn\n|upkeep\n|turn|16\n|\n|t:|1777090750\n|move|p1a: Garchomp|Outrage|p2a: Venusaur|[from] lockedmove\n|-damage|p2a: Venusaur|12/100 brn\n|-start|p1a: Garchomp|confusion|[fatigue]\n|move|p2a: Venusaur|Giga Drain|p1a: Garchomp\n|-damage|p1a: Garchomp|0 fnt\n|-heal|p2a: Venusaur|13/100 brn|[from] drain|[of] p1a: Garchomp\n|faint|p1a: Garchomp\n|\n|-damage|p2a: Venusaur|7/100 brn|[from] brn\n|upkeep\n|-message|Altbou forfeited.\n|\n|win|csgogo\n|raw|csgogo's rating: 1362 &rarr; <strong>1382</strong><br />(+20 for winning)\n|raw|Altbou's rating: 1362 &rarr; <strong>1342</strong><br />(-20 for losing)\n|l|\u2606Altbou\n|player|p2|\n", "uploadtime": 1777090763, "views": 8, "formatid": "gen9championsbssregma", "rating": 1342, "private": 0, "password": null}