{"id": "gen9championsbssregma-2592198112", "format": "[Gen 9 Champions] BSS Reg M-A", "players": ["YajuSenpaiEX", "boi in the back"], "log": "|j|\u2606YajuSenpaiEX\n|j|\u2606boi in the back\n|t:|1776969793\n|gametype|singles\n|player|p1|YajuSenpaiEX|170|1327\n|player|p2|boi in the back|jacinthe|1231\n|gen|9\n|tier|[Gen 9 Champions] BSS Reg M-A\n|rated|\n|rule|Species Clause: Limit one of each Pok\u00e9mon\n|rule|Item Clause: Limit 1 of each item\n|clearpoke\n|poke|p1|Greninja, L50, F|\n|poke|p1|Gyarados, L50, M|\n|poke|p1|Milotic, L50, M|\n|poke|p1|Goodra-Hisui, L50, M|\n|poke|p1|Gallade, L50, M|\n|poke|p1|Charizard, L50, F|\n|poke|p2|Slowbro, L50, F, shiny|\n|poke|p2|Garchomp, L50, M|\n|poke|p2|Lucario, L50, F|\n|poke|p2|Aegislash, L50, F|\n|poke|p2|Delphox, L50, F, shiny|\n|poke|p2|Archaludon, L50, F, shiny|\n|teampreview|3\n|inactive|Battle timer is ON: inactive players will automatically lose when time's up. (requested by boi in the back)\n|inactive|YajuSenpaiEX also wants the timer to be on.\n|inactive|YajuSenpaiEX has 60 seconds left.\n|inactive|boi in the back has 60 seconds left.\n|\n|t:|1776969841\n|teamsize|p1|3\n|teamsize|p2|3\n|start\n|switch|p1a: Gyarados|Gyarados, L50, M|100/100\n|switch|p2a: Lucario|Lucario, L50, F|100/100\n|-ability|p1a: Gyarados|Intimidate|boost\n|-fail|p2a: Lucario|unboost|Attack|[from] ability: Inner Focus|[of] p2a: Lucario\n|turn|1\n|inactive|boi in the back has 30 seconds left.\n|\n|t:|1776969872\n|detailschange|p2a: Lucario|Lucario-Mega, L50, F\n|-mega|p2a: Lucario|Lucario|Lucarionite\n|move|p2a: Lucario|Swords Dance|p2a: Lucario\n|-boost|p2a: Lucario|atk|2\n|move|p1a: Gyarados|Earthquake|p2a: Lucario\n|-supereffective|p2a: Lucario|1\n|-damage|p2a: Lucario|19/100\n|\n|upkeep\n|turn|2\n|\n|t:|1776969889\n|move|p2a: Lucario|Close Combat|p1a: Gyarados\n|-resisted|p1a: Gyarados|1\n|-damage|p1a: Gyarados|1/100\n|-unboost|p2a: Lucario|def|1\n|-unboost|p2a: Lucario|spd|1\n|move|p1a: Gyarados|Earthquake|p2a: Lucario\n|-supereffective|p2a: Lucario|1\n|-damage|p2a: Lucario|0 fnt\n|faint|p2a: Lucario\n|\n|upkeep\n|\n|t:|1776969895\n|switch|p2a: Garchomp|Garchomp, L50, M|100/100\n|turn|3\n|\n|t:|1776969905\n|move|p2a: Garchomp|Outrage|p1a: Gyarados\n|-damage|p1a: Gyarados|0 fnt\n|faint|p1a: Gyarados\n|\n|upkeep\n|\n|t:|1776969910\n|switch|p1a: Milotic|Milotic, L50, M|100/100\n|turn|4\n|\n|t:|1776969912\n|move|p2a: Garchomp|Outrage|p1a: Milotic|[from] lockedmove\n|-damage|p1a: Milotic|47/100\n|-enditem|p1a: Milotic|Sitrus Berry|[eat]\n|-heal|p1a: Milotic|71/100|[from] item: Sitrus Berry\n|-start|p2a: Garchomp|confusion|[fatigue]\n|move|p1a: Milotic|Scald|p2a: Garchomp\n|-damage|p2a: Garchomp|72/100\n|\n|upkeep\n|turn|5\n|\n|t:|1776969917\n|switch|p2a: Slowbro|Slowbro, L50, F, shiny|100/100\n|move|p1a: Milotic|Recover|p1a: Milotic\n|-heal|p1a: Milotic|100/100\n|\n|upkeep\n|turn|6\n|\n|t:|1776969921\n|move|p1a: Milotic|Scald|p2a: Slowbro\n|-resisted|p2a: Slowbro|1\n|-damage|p2a: Slowbro|90/100\n|move|p2a: Slowbro|Calm Mind|p2a: Slowbro\n|-boost|p2a: Slowbro|spa|1\n|-boost|p2a: Slowbro|spd|1\n|\n|upkeep\n|turn|7\n|\n|t:|1776969923\n|move|p1a: Milotic|Haze|p1a: Milotic\n|-clearallboost\n|move|p2a: Slowbro|Calm Mind|p2a: Slowbro\n|-boost|p2a: Slowbro|spa|1\n|-boost|p2a: Slowbro|spd|1\n|\n|upkeep\n|turn|8\n|\n|t:|1776969926\n|move|p1a: Milotic|Scald|p2a: Slowbro\n|-resisted|p2a: Slowbro|1\n|-damage|p2a: Slowbro|83/100\n|-status|p2a: Slowbro|brn\n|move|p2a: Slowbro|Scald|p1a: Milotic\n|-resisted|p1a: Milotic|1\n|-damage|p1a: Milotic|85/100\n|\n|-damage|p2a: Slowbro|77/100 brn|[from] brn\n|upkeep\n|turn|9\n|\n|t:|1776969929\n|move|p1a: Milotic|Haze|p1a: Milotic\n|-clearallboost\n|move|p2a: Slowbro|Scald|p1a: Milotic\n|-resisted|p1a: Milotic|1\n|-damage|p1a: Milotic|76/100\n|\n|-damage|p2a: Slowbro|71/100 brn|[from] brn\n|upkeep\n|turn|10\n|\n|t:|1776969933\n|move|p2a: Slowbro|Calm Mind|p2a: Slowbro\n|-boost|p2a: Slowbro|spa|1\n|-boost|p2a: Slowbro|spd|1\n|move|p1a: Milotic|Mirror Coat||[still]\n|-fail|p1a: Milotic\n|\n|-damage|p2a: Slowbro|65/100 brn|[from] brn\n|upkeep\n|turn|11\n|\n|t:|1776969938\n|move|p1a: Milotic|Haze|p1a: Milotic\n|-clearallboost\n|move|p2a: Slowbro|Scald|p1a: Milotic\n|-resisted|p1a: Milotic|1\n|-damage|p1a: Milotic|65/100\n|\n|-damage|p2a: Slowbro|59/100 brn|[from] brn\n|upkeep\n|turn|12\n|\n|t:|1776969941\n|move|p1a: Milotic|Scald|p2a: Slowbro\n|-resisted|p2a: Slowbro|1\n|-damage|p2a: Slowbro|49/100 brn\n|move|p2a: Slowbro|Slack Off|p2a: Slowbro\n|-heal|p2a: Slowbro|99/100 brn\n|\n|-damage|p2a: Slowbro|93/100 brn|[from] brn\n|upkeep\n|turn|13\n|\n|t:|1776969945\n|move|p1a: Milotic|Scald|p2a: Slowbro\n|-resisted|p2a: Slowbro|1\n|-damage|p2a: Slowbro|82/100 brn\n|move|p2a: Slowbro|Scald|p1a: Milotic\n|-resisted|p1a: Milotic|1\n|-damage|p1a: Milotic|54/100\n|\n|-damage|p2a: Slowbro|76/100 brn|[from] brn\n|upkeep\n|turn|14\n|\n|t:|1776969947\n|move|p2a: Slowbro|Calm Mind|p2a: Slowbro\n|-boost|p2a: Slowbro|spa|1\n|-boost|p2a: Slowbro|spd|1\n|move|p1a: Milotic|Mirror Coat||[still]\n|-fail|p1a: Milotic\n|\n|-damage|p2a: Slowbro|70/100 brn|[from] brn\n|upkeep\n|turn|15\n|\n|t:|1776969952\n|move|p1a: Milotic|Haze|p1a: Milotic\n|-clearallboost\n|move|p2a: Slowbro|Scald|p1a: Milotic\n|-resisted|p1a: Milotic|1\n|-damage|p1a: Milotic|44/100\n|-status|p1a: Milotic|brn\n|\n|-damage|p1a: Milotic|38/100 brn|[from] brn\n|-damage|p2a: Slowbro|64/100 brn|[from] brn\n|upkeep\n|turn|16\n|\n|t:|1776969973\n|move|p1a: Milotic|Recover|p1a: Milotic\n|-heal|p1a: Milotic|88/100 brn\n|move|p2a: Slowbro|Slack Off|p2a: Slowbro\n|-heal|p2a: Slowbro|100/100 brn\n|\n|-damage|p1a: Milotic|82/100 brn|[from] brn\n|-damage|p2a: Slowbro|95/100 brn|[from] brn\n|upkeep\n|turn|17\n|\n|t:|1776969978\n|move|p1a: Milotic|Scald|p2a: Slowbro\n|-resisted|p2a: Slowbro|1\n|-damage|p2a: Slowbro|85/100 brn\n|move|p2a: Slowbro|Calm Mind|p2a: Slowbro\n|-boost|p2a: Slowbro|spa|1\n|-boost|p2a: Slowbro|spd|1\n|\n|-damage|p1a: Milotic|76/100 brn|[from] brn\n|-damage|p2a: Slowbro|79/100 brn|[from] brn\n|upkeep\n|turn|18\n|\n|t:|1776969983\n|move|p1a: Milotic|Haze|p1a: Milotic\n|-clearallboost\n|move|p2a: Slowbro|Calm Mind|p2a: Slowbro\n|-boost|p2a: Slowbro|spa|1\n|-boost|p2a: Slowbro|spd|1\n|\n|-damage|p1a: Milotic|70/100 brn|[from] brn\n|-damage|p2a: Slowbro|73/100 brn|[from] brn\n|upkeep\n|turn|19\n|\n|t:|1776969995\n|move|p1a: Milotic|Haze|p1a: Milotic\n|-clearallboost\n|move|p2a: Slowbro|Calm Mind|p2a: Slowbro\n|-boost|p2a: Slowbro|spa|1\n|-boost|p2a: Slowbro|spd|1\n|\n|-damage|p1a: Milotic|64/100 brn|[from] brn\n|-damage|p2a: Slowbro|67/100 brn|[from] brn\n|upkeep\n|turn|20\n|\n|t:|1776970001\n|switch|p2a: Garchomp|Garchomp, L50, M|72/100\n|move|p1a: Milotic|Haze|p1a: Milotic\n|-clearallboost\n|\n|-damage|p1a: Milotic|58/100 brn|[from] brn\n|upkeep\n|turn|21\n|\n|t:|1776970006\n|move|p2a: Garchomp|Outrage|p1a: Milotic\n|-damage|p1a: Milotic|11/100 brn\n|move|p1a: Milotic|Recover|p1a: Milotic\n|-heal|p1a: Milotic|61/100 brn\n|\n|-damage|p1a: Milotic|55/100 brn|[from] brn\n|upkeep\n|turn|22\n|\n|t:|1776970016\n|move|p2a: Garchomp|Outrage|p1a: Milotic|[from] lockedmove\n|-damage|p1a: Milotic|6/100 brn\n|move|p1a: Milotic|Scald|p2a: Garchomp\n|-damage|p2a: Garchomp|42/100\n|\n|-damage|p1a: Milotic|0 fnt|[from] brn\n|faint|p1a: Milotic\n|upkeep\n|\n|t:|1776970018\n|switch|p1a: Goodra|Goodra-Hisui, L50, M|100/100\n|turn|23\n|\n|t:|1776970024\n|move|p2a: Garchomp|Outrage|p1a: Goodra|[from] lockedmove\n|-damage|p1a: Goodra|54/100\n|-start|p2a: Garchomp|confusion|[fatigue]\n|move|p1a: Goodra|Shelter|p1a: Goodra\n|-boost|p1a: Goodra|def|2\n|\n|-heal|p1a: Goodra|60/100|[from] item: Leftovers\n|upkeep\n|turn|24\n|\n|t:|1776970027\n|switch|p2a: Slowbro|Slowbro, L50, F, shiny|100/100 brn\n|move|p1a: Goodra|Shelter|p1a: Goodra\n|-boost|p1a: Goodra|def|2\n|\n|-heal|p1a: Goodra|66/100|[from] item: Leftovers\n|-damage|p2a: Slowbro|95/100 brn|[from] brn\n|upkeep\n|turn|25\n|\n|t:|1776970031\n|move|p1a: Goodra|Shelter|p1a: Goodra\n|-boost|p1a: Goodra|def|2\n|move|p2a: Slowbro|Calm Mind|p2a: Slowbro\n|-boost|p2a: Slowbro|spa|1\n|-boost|p2a: Slowbro|spd|1\n|\n|-heal|p1a: Goodra|72/100|[from] item: Leftovers\n|-damage|p2a: Slowbro|89/100 brn|[from] brn\n|upkeep\n|turn|26\n|\n|t:|1776970032\n|move|p1a: Goodra|Body Press|p2a: Slowbro\n|-resisted|p2a: Slowbro|1\n|-damage|p2a: Slowbro|47/100 brn\n|move|p2a: Slowbro|Scald|p1a: Goodra\n|-resisted|p1a: Goodra|1\n|-damage|p1a: Goodra|59/100\n|-status|p1a: Goodra|brn\n|\n|-heal|p1a: Goodra|65/100 brn|[from] item: Leftovers\n|-damage|p1a: Goodra|59/100 brn|[from] brn\n|-damage|p2a: Slowbro|41/100 brn|[from] brn\n|upkeep\n|turn|27\n|\n|t:|1776970039\n|move|p1a: Goodra|Body Press|p2a: Slowbro\n|-resisted|p2a: Slowbro|1\n|-damage|p2a: Slowbro|19/100 brn\n|move|p2a: Slowbro|Slack Off|p2a: Slowbro\n|-heal|p2a: Slowbro|69/100 brn\n|\n|-heal|p1a: Goodra|65/100 brn|[from] item: Leftovers\n|-damage|p1a: Goodra|59/100 brn|[from] brn\n|-damage|p2a: Slowbro|63/100 brn|[from] brn\n|upkeep\n|turn|28\n|\n|t:|1776970045\n|move|p1a: Goodra|Body Press|p2a: Slowbro\n|-resisted|p2a: Slowbro|1\n|-crit|p2a: Slowbro\n|-damage|p2a: Slowbro|31/100 brn\n|move|p2a: Slowbro|Calm Mind|p2a: Slowbro\n|-boost|p2a: Slowbro|spa|1\n|-boost|p2a: Slowbro|spd|1\n|\n|-heal|p1a: Goodra|65/100 brn|[from] item: Leftovers\n|-damage|p1a: Goodra|59/100 brn|[from] brn\n|-damage|p2a: Slowbro|25/100 brn|[from] brn\n|upkeep\n|turn|29\n|\n|t:|1776970048\n|move|p1a: Goodra|Body Press|p2a: Slowbro\n|-resisted|p2a: Slowbro|1\n|-damage|p2a: Slowbro|5/100 brn\n|move|p2a: Slowbro|Slack Off|p2a: Slowbro\n|-heal|p2a: Slowbro|55/100 brn\n|\n|-heal|p1a: Goodra|65/100 brn|[from] item: Leftovers\n|-damage|p1a: Goodra|59/100 brn|[from] brn\n|-damage|p2a: Slowbro|50/100 brn|[from] brn\n|upkeep\n|turn|30\n|\n|t:|1776970054\n|move|p1a: Goodra|Body Press|p2a: Slowbro\n|-resisted|p2a: Slowbro|1\n|-damage|p2a: Slowbro|27/100 brn\n|move|p2a: Slowbro|Slack Off|p2a: Slowbro\n|-heal|p2a: Slowbro|77/100 brn\n|\n|-heal|p1a: Goodra|65/100 brn|[from] item: Leftovers\n|-damage|p1a: Goodra|59/100 brn|[from] brn\n|-damage|p2a: Slowbro|71/100 brn|[from] brn\n|upkeep\n|turn|31\n|\n|t:|1776970056\n|move|p1a: Goodra|Body Press|p2a: Slowbro\n|-resisted|p2a: Slowbro|1\n|-damage|p2a: Slowbro|50/100 brn\n|move|p2a: Slowbro|Ice Beam|p1a: Goodra\n|-damage|p1a: Goodra|29/100 brn\n|\n|-heal|p1a: Goodra|35/100 brn|[from] item: Leftovers\n|-damage|p1a: Goodra|29/100 brn|[from] brn\n|-damage|p2a: Slowbro|45/100 brn|[from] brn\n|upkeep\n|turn|32\n|\n|t:|1776970064\n|move|p1a: Goodra|Body Press|p2a: Slowbro\n|-resisted|p2a: Slowbro|1\n|-damage|p2a: Slowbro|24/100 brn\n|move|p2a: Slowbro|Ice Beam|p1a: Goodra\n|-damage|p1a: Goodra|0 fnt\n|faint|p1a: Goodra\n|\n|win|boi in the back\n|raw|YajuSenpaiEX's rating: 1327 &rarr; <strong>1302</strong><br />(-25 for losing)\n|raw|boi in the back's rating: 1231 &rarr; <strong>1263</strong><br />(+32 for winning)\n|l|\u2606YajuSenpaiEX\n|player|p1|\n", "uploadtime": 1776970069, "views": 6, "formatid": "gen9championsbssregma", "rating": 1263, "private": 0, "password": null}