{"id": "gen9championsbssregma-2590170667", "format": "[Gen 9 Champions] BSS Reg M-A", "players": ["dmac99", "PopinoVT"], "log": "|j|\u2606dmac99\n|j|\u2606PopinoVT\n|t:|1776791387\n|gametype|singles\n|player|p1|dmac99|veteran|1290\n|player|p2|PopinoVT|cynthia|1235\n|gen|9\n|tier|[Gen 9 Champions] BSS Reg M-A\n|rated|\n|rule|Species Clause: Limit one of each Pok\u00e9mon\n|rule|Item Clause: Limit 1 of each item\n|clearpoke\n|poke|p1|Garchomp, L50, M|\n|poke|p1|Volcarona, L50, F|\n|poke|p1|Kangaskhan, L50, F|\n|poke|p1|Clefable, L50, M|\n|poke|p1|Samurott-Hisui, L50, F|\n|poke|p1|Scizor, L50, M|\n|poke|p2|Lucario, L50, F|\n|poke|p2|Meowscarada, L50, M|\n|poke|p2|Garchomp, L50, F|\n|poke|p2|Delphox, L50, M|\n|poke|p2|Milotic, L50, F|\n|poke|p2|Kingambit, L50, F|\n|teampreview|3\n|\n|t:|1776791412\n|teamsize|p1|3\n|teamsize|p2|3\n|start\n|switch|p1a: Garchomp|Garchomp, L50, M|100/100\n|switch|p2a: Meowscarada|Meowscarada, L50, M|100/100\n|turn|1\n|inactive|Battle timer is ON: inactive players will automatically lose when time's up. (requested by dmac99)\n|\n|t:|1776791427\n|switch|p1a: Volcarona|Volcarona, L50, F|100/100\n|move|p2a: Meowscarada|U-turn|p1a: Volcarona\n|-start|p2a: Meowscarada|typechange|Bug|[from] ability: Protean\n|-resisted|p1a: Volcarona|1\n|-damage|p1a: Volcarona|83/100\n|-status|p2a: Meowscarada|brn|[from] ability: Flame Body|[of] p1a: Volcarona\n|\n|t:|1776791434\n|switch|p2a: Garchomp|Garchomp, L50, F|100/100|[from] U-turn\n|\n|upkeep\n|turn|2\n|\n|t:|1776791440\n|switch|p1a: Garchomp|Garchomp, L50, M|100/100\n|move|p2a: Garchomp|Swords Dance|p2a: Garchomp\n|-boost|p2a: Garchomp|atk|2\n|\n|upkeep\n|turn|3\n|\n|t:|1776791443\n|move|p2a: Garchomp|Scale Shot|p1a: Garchomp\n|-supereffective|p1a: Garchomp|1\n|-damage|p1a: Garchomp|48/100\n|-supereffective|p1a: Garchomp|1\n|-damage|p1a: Garchomp|0 fnt\n|faint|p1a: Garchomp\n|-hitcount|p1: Garchomp|2\n|-unboost|p2a: Garchomp|def|1\n|-boost|p2a: Garchomp|spe|1\n|\n|upkeep\n|\n|t:|1776791447\n|switch|p1a: Kangaskhan|Kangaskhan, L50, F|100/100\n|turn|4\n|\n|t:|1776791453\n|detailschange|p1a: Kangaskhan|Kangaskhan-Mega, L50, F\n|-mega|p1a: Kangaskhan|Kangaskhan|Kangaskhanite\n|move|p1a: Kangaskhan|Fake Out|p2a: Garchomp\n|-damage|p2a: Garchomp|69/100\n|-damage|p1a: Kangaskhan|88/100|[from] ability: Rough Skin|[of] p2a: Garchomp\n|-damage|p2a: Garchomp|61/100\n|-damage|p1a: Kangaskhan|76/100|[from] ability: Rough Skin|[of] p2a: Garchomp\n|-hitcount|p2a: Garchomp|2\n|cant|p2a: Garchomp|flinch\n|\n|upkeep\n|turn|5\n|\n|t:|1776791463\n|switch|p1a: Volcarona|Volcarona, L50, F|83/100\n|move|p2a: Garchomp|Earthquake|p1a: Volcarona\n|-damage|p1a: Volcarona|0 fnt\n|faint|p1a: Volcarona\n|\n|upkeep\n|\n|t:|1776791467\n|switch|p1a: Kangaskhan|Kangaskhan-Mega, L50, F|76/100\n|turn|6\n|\n|t:|1776791471\n|move|p1a: Kangaskhan|Fake Out|p2a: Garchomp\n|-damage|p2a: Garchomp|28/100\n|-damage|p1a: Kangaskhan|64/100|[from] ability: Rough Skin|[of] p2a: Garchomp\n|-damage|p2a: Garchomp|20/100\n|-damage|p1a: Kangaskhan|52/100|[from] ability: Rough Skin|[of] p2a: Garchomp\n|-hitcount|p2a: Garchomp|2\n|cant|p2a: Garchomp|flinch\n|\n|upkeep\n|turn|7\n|\n|t:|1776791475\n|move|p1a: Kangaskhan|Sucker Punch|p2a: Garchomp\n|-damage|p2a: Garchomp|0 fnt\n|-damage|p1a: Kangaskhan|40/100|[from] ability: Rough Skin|[of] p2a: Garchomp\n|faint|p2a: Garchomp\n|-hitcount|p2: Garchomp|1\n|\n|upkeep\n|\n|t:|1776791478\n|switch|p2a: Lucario|Lucario, L50, F|100/100\n|turn|8\n|\n|t:|1776791480\n|detailschange|p2a: Lucario|Lucario-Mega, L50, F\n|-mega|p2a: Lucario|Lucario|Lucarionite\n|move|p2a: Lucario|Close Combat|p1a: Kangaskhan\n|-supereffective|p1a: Kangaskhan|1\n|-damage|p1a: Kangaskhan|0 fnt\n|-unboost|p2a: Lucario|def|1\n|-unboost|p2a: Lucario|spd|1\n|faint|p1a: Kangaskhan\n|\n|win|PopinoVT\n|raw|dmac99's rating: 1290 &rarr; <strong>1261</strong><br />(-29 for losing)\n|raw|PopinoVT's rating: 1235 &rarr; <strong>1264</strong><br />(+29 for winning)\n|l|\u2606dmac99\n|player|p1|\n", "uploadtime": 1776791486, "views": 4, "formatid": "gen9championsbssregma", "rating": 1261, "private": 0, "password": null}