{"id": "gen9championsbssregma-2590470307", "format": "[Gen 9 Champions] BSS Reg M-A", "players": ["gkswldn", "Outofcure"], "log": "|j|\u2606gkswldn\n|j|\u2606Outofcure\n|t:|1776812658\n|gametype|singles\n|player|p1|gkswldn|101|1257\n|player|p2|Outofcure|bruno-gen3|1337\n|gen|9\n|tier|[Gen 9 Champions] BSS Reg M-A\n|rated|\n|rule|Species Clause: Limit one of each Pok\u00e9mon\n|rule|Item Clause: Limit 1 of each item\n|clearpoke\n|poke|p1|Pelipper, L50, M|\n|poke|p1|Basculegion, L50, M|\n|poke|p1|Garchomp, L50, M|\n|poke|p1|Kingambit, L50, M|\n|poke|p1|Scizor, L50, F|\n|poke|p1|Meganium, L50, M|\n|poke|p2|Garchomp, L50, F|\n|poke|p2|Chesnaught, L50, M|\n|poke|p2|Tyranitar, L50, M|\n|poke|p2|Rotom-Wash, L50|\n|poke|p2|Ceruledge, L50, F|\n|poke|p2|Glimmora, L50, F|\n|teampreview|3\n|\n|t:|1776812675\n|teamsize|p1|3\n|teamsize|p2|3\n|start\n|switch|p1a: Pelipper|Pelipper, L50, M|100/100\n|switch|p2a: Glimmora|Glimmora, L50, F|100/100\n|-weather|RainDance|[from] ability: Drizzle|[of] p1a: Pelipper\n|turn|1\n|inactive|Battle timer is ON: inactive players will automatically lose when time's up. (requested by gkswldn)\n|\n|t:|1776812683\n|move|p2a: Glimmora|Power Gem|p1a: Pelipper\n|-supereffective|p1a: Pelipper|1\n|-enditem|p1a: Pelipper|Focus Sash\n|-damage|p1a: Pelipper|1/100\n|move|p1a: Pelipper|Surf|p2a: Glimmora\n|-supereffective|p2a: Glimmora|1\n|-enditem|p2a: Glimmora|Focus Sash\n|-damage|p2a: Glimmora|1/100\n|\n|-weather|RainDance|[upkeep]\n|upkeep\n|turn|2\n|\n|t:|1776812695\n|switch|p1a: Basculegion|Basculegion, L50, M|100/100\n|move|p2a: Glimmora|Mortal Spin|p1a: Basculegion\n|-resisted|p1a: Basculegion|1\n|-damage|p1a: Basculegion|96/100\n|-status|p1a: Basculegion|psn\n|\n|-weather|RainDance|[upkeep]\n|-damage|p1a: Basculegion|84/100 psn|[from] psn\n|upkeep\n|turn|3\n|\n|t:|1776812706\n|move|p1a: Basculegion|Aqua Jet|p2a: Glimmora\n|-supereffective|p2a: Glimmora|1\n|-damage|p2a: Glimmora|0 fnt\n|-activate|p2a: Glimmora|ability: Toxic Debris\n|-sidestart|p1: gkswldn|move: Toxic Spikes\n|faint|p2a: Glimmora\n|\n|-weather|RainDance|[upkeep]\n|-damage|p1a: Basculegion|72/100 psn|[from] psn\n|upkeep\n|\n|t:|1776812709\n|switch|p2a: Tyranitar|Tyranitar, L50, M|100/100\n|-weather|Sandstorm|[from] ability: Sand Stream|[of] p2a: Tyranitar\n|turn|4\n|\n|t:|1776812722\n|switch|p1a: Pelipper|Pelipper, L50, M|1/100\n|-weather|RainDance|[from] ability: Drizzle|[of] p1a: Pelipper\n|move|p2a: Tyranitar|Dragon Dance|p2a: Tyranitar\n|-boost|p2a: Tyranitar|atk|1\n|-boost|p2a: Tyranitar|spe|1\n|\n|-weather|RainDance|[upkeep]\n|upkeep\n|turn|5\n|\n|t:|1776812729\n|move|p2a: Tyranitar|Knock Off|p1a: Pelipper\n|-damage|p1a: Pelipper|0 fnt\n|faint|p1a: Pelipper\n|\n|-weather|RainDance|[upkeep]\n|upkeep\n|\n|t:|1776812733\n|switch|p1a: Basculegion|Basculegion, L50, M|72/100 psn\n|turn|6\n|\n|t:|1776812737\n|detailschange|p2a: Tyranitar|Tyranitar-Mega, L50, M\n|-mega|p2a: Tyranitar|Tyranitar|Tyranitarite\n|-weather|Sandstorm|[from] ability: Sand Stream|[of] p2a: Tyranitar\n|move|p2a: Tyranitar|Knock Off|p1a: Basculegion\n|-supereffective|p1a: Basculegion|1\n|-damage|p1a: Basculegion|0 fnt\n|-enditem|p1a: Basculegion|Mystic Water|[from] move: Knock Off|[of] p2a: Tyranitar\n|faint|p1a: Basculegion\n|\n|-weather|Sandstorm|[upkeep]\n|upkeep\n|\n|t:|1776812745\n|switch|p1a: Kingambit|Kingambit, L50, M|100/100\n|-activate|p1a: Kingambit|ability: Supreme Overlord\n|-start|p1a: Kingambit|fallen2|[silent]\n|turn|7\n|\n|t:|1776812749\n|move|p2a: Tyranitar|Earthquake|p1a: Kingambit\n|-supereffective|p1a: Kingambit|1\n|-damage|p1a: Kingambit|0 fnt\n|faint|p1a: Kingambit\n|-end|p1a: Kingambit|fallen2|[silent]\n|\n|win|Outofcure\n|raw|gkswldn's rating: 1257 &rarr; <strong>1238</strong><br />(-19 for losing)\n|raw|Outofcure's rating: 1337 &rarr; <strong>1352</strong><br />(+15 for winning)\n|l|\u2606gkswldn\n|player|p1|\n", "uploadtime": 1776812753, "views": 13, "formatid": "gen9championsbssregma", "rating": 1238, "private": 0, "password": null}