{"id": "gen9championsbssregma-2591293344", "format": "[Gen 9 Champions] BSS Reg M-A", "players": ["DiceyRice", "Srolex"], "log": "|j|\u2606DiceyRice\n|j|\u2606Srolex\n|t:|1776887289\n|gametype|singles\n|player|p1|DiceyRice|miku-ghost|1306\n|player|p2|Srolex|170|1192\n|gen|9\n|tier|[Gen 9 Champions] BSS Reg M-A\n|rated|\n|rule|Species Clause: Limit one of each Pok\u00e9mon\n|rule|Item Clause: Limit 1 of each item\n|clearpoke\n|poke|p1|Hippowdon, L50, M|\n|poke|p1|Volcarona, L50, M|\n|poke|p1|Blastoise, L50, M|\n|poke|p1|Aegislash, L50, M|\n|poke|p1|Floette-Eternal, L50, F|\n|poke|p1|Hydreigon, L50, M|\n|poke|p2|Meganium, L50, M|\n|poke|p2|Arcanine-Hisui, L50, F|\n|poke|p2|Heliolisk, L50, F|\n|poke|p2|Mamoswine, L50, M|\n|poke|p2|Toxapex, L50, F, shiny|\n|poke|p2|Medicham, L50, M, shiny|\n|teampreview|3\n|\n|t:|1776887323\n|teamsize|p1|3\n|teamsize|p2|3\n|start\n|switch|p1a: Volcarona|Volcarona, L50, M|100/100\n|switch|p2a: Sun God|Meganium, L50, M|100/100\n|turn|1\n|\n|t:|1776887333\n|switch|p2a: I'm Bad|Toxapex, L50, F, shiny|100/100\n|move|p1a: Volcarona|Quiver Dance|p1a: Volcarona\n|-boost|p1a: Volcarona|spa|1\n|-boost|p1a: Volcarona|spd|1\n|-boost|p1a: Volcarona|spe|1\n|\n|upkeep\n|turn|2\n|\n|t:|1776887339\n|move|p1a: Volcarona|Fiery Dance|p2a: I'm Bad\n|-resisted|p2a: I'm Bad|1\n|-damage|p2a: I'm Bad|79/100\n|-boost|p1a: Volcarona|spa|1\n|move|p2a: I'm Bad|Toxic|p1a: Volcarona\n|-status|p1a: Volcarona|tox\n|\n|-heal|p2a: I'm Bad|85/100|[from] item: Leftovers\n|-damage|p1a: Volcarona|95/100 tox|[from] psn\n|upkeep\n|turn|3\n|\n|t:|1776887350\n|move|p1a: Volcarona|Giga Drain|p2a: I'm Bad\n|-damage|p2a: I'm Bad|48/100\n|-heal|p1a: Volcarona|100/100 tox|[from] drain|[of] p2a: I'm Bad\n|move|p2a: I'm Bad|Recover|p2a: I'm Bad\n|-heal|p2a: I'm Bad|98/100\n|\n|-heal|p2a: I'm Bad|100/100|[from] item: Leftovers\n|-damage|p1a: Volcarona|89/100 tox|[from] psn\n|upkeep\n|turn|4\n|\n|t:|1776887359\n|move|p2a: I'm Bad|Baneful Bunker|p2a: I'm Bad\n|-singleturn|p2a: I'm Bad|move: Protect\n|move|p1a: Volcarona|Quiver Dance|p1a: Volcarona\n|-boost|p1a: Volcarona|spa|1\n|-boost|p1a: Volcarona|spd|1\n|-boost|p1a: Volcarona|spe|1\n|\n|-damage|p1a: Volcarona|72/100 tox|[from] psn\n|upkeep\n|turn|5\n|\n|t:|1776887366\n|move|p1a: Volcarona|Quiver Dance|p1a: Volcarona\n|-boost|p1a: Volcarona|spa|1\n|-boost|p1a: Volcarona|spd|1\n|-boost|p1a: Volcarona|spe|1\n|move|p2a: I'm Bad|Recover||[still]\n|-fail|p2a: I'm Bad|heal\n|\n|-damage|p1a: Volcarona|49/100 tox|[from] psn\n|upkeep\n|turn|6\n|\n|t:|1776887374\n|move|p2a: I'm Bad|Baneful Bunker|p2a: I'm Bad\n|-singleturn|p2a: I'm Bad|move: Protect\n|move|p1a: Volcarona|Giga Drain|p2a: I'm Bad\n|-activate|p2a: I'm Bad|move: Protect\n|\n|-damage|p1a: Volcarona|20/100 tox|[from] psn\n|upkeep\n|turn|7\n|\n|t:|1776887385\n|switch|p2a: Sun God|Meganium, L50, M|100/100\n|move|p1a: Volcarona|Rest|p1a: Volcarona\n|-status|p1a: Volcarona|slp|[from] move: Rest\n|-heal|p1a: Volcarona|100/100 slp|[silent]\n|-enditem|p1a: Volcarona|Chesto Berry|[eat]\n|-curestatus|p1a: Volcarona|slp|[msg]\n|\n|upkeep\n|turn|8\n|\n|t:|1776887405\n|detailschange|p2a: Sun God|Meganium-Mega, L50, M\n|-mega|p2a: Sun God|Meganium|Meganiumite\n|move|p1a: Volcarona|Fiery Dance|p2a: Sun God\n|-supereffective|p2a: Sun God|1\n|-damage|p2a: Sun God|0 fnt\n|-boost|p1a: Volcarona|spa|1\n|faint|p2a: Sun God\n|\n|upkeep\n|\n|t:|1776887411\n|switch|p2a: I'm Bad|Toxapex, L50, F, shiny|100/100\n|turn|9\n|\n|t:|1776887418\n|move|p1a: Volcarona|Fiery Dance|p2a: I'm Bad\n|-resisted|p2a: I'm Bad|1\n|-damage|p2a: I'm Bad|46/100\n|move|p2a: I'm Bad|Toxic|p1a: Volcarona\n|-status|p1a: Volcarona|tox\n|\n|-heal|p2a: I'm Bad|52/100|[from] item: Leftovers\n|-damage|p1a: Volcarona|95/100 tox|[from] psn\n|upkeep\n|turn|10\n|\n|t:|1776887431\n|move|p2a: I'm Bad|Baneful Bunker|p2a: I'm Bad\n|-singleturn|p2a: I'm Bad|move: Protect\n|move|p1a: Volcarona|Giga Drain|p2a: I'm Bad\n|-activate|p2a: I'm Bad|move: Protect\n|\n|-heal|p2a: I'm Bad|58/100|[from] item: Leftovers\n|-damage|p1a: Volcarona|83/100 tox|[from] psn\n|upkeep\n|turn|11\n|\n|t:|1776887438\n|move|p1a: Volcarona|Giga Drain|p2a: I'm Bad\n|-damage|p2a: I'm Bad|0 fnt\n|-heal|p1a: Volcarona|100/100 tox|[from] drain|[of] p2a: I'm Bad\n|faint|p2a: I'm Bad\n|\n|-damage|p1a: Volcarona|83/100 tox|[from] psn\n|upkeep\n|\n|t:|1776887444\n|switch|p2a: Slow Guy|Mamoswine, L50, M|100/100\n|turn|12\n|\n|t:|1776887447\n|move|p1a: Volcarona|Giga Drain|p2a: Slow Guy\n|-supereffective|p2a: Slow Guy|1\n|-damage|p2a: Slow Guy|0 fnt\n|-heal|p1a: Volcarona|100/100 tox|[from] drain|[of] p2a: Slow Guy\n|faint|p2a: Slow Guy\n|\n|win|DiceyRice\n|raw|DiceyRice's rating: 1306 &rarr; <strong>1320</strong><br />(+14 for winning)\n|raw|Srolex's rating: 1192 &rarr; <strong>1175</strong><br />(-17 for losing)\n", "uploadtime": 1776887452, "views": 3, "formatid": "gen9championsbssregma", "rating": 1175, "private": 0, "password": null}