{"id": "gen9championsbssregma-2591657487", "format": "[Gen 9 Champions] BSS Reg M-A", "players": ["karbain", "TRAINER0013"], "log": "|j|\u2606karbain\n|j|\u2606TRAINER0013\n|t:|1776922057\n|gametype|singles\n|player|p1|karbain|101|1364\n|player|p2|TRAINER0013|170|1243\n|gen|9\n|tier|[Gen 9 Champions] BSS Reg M-A\n|rated|\n|rule|Species Clause: Limit one of each Pok\u00e9mon\n|rule|Item Clause: Limit 1 of each item\n|clearpoke\n|poke|p1|Mimikyu, L50, F|\n|poke|p1|Empoleon, L50, M|\n|poke|p1|Clefable, L50, M|\n|poke|p1|Greninja, L50, M|\n|poke|p1|Lucario, L50, M|\n|poke|p1|Garchomp, L50, F|\n|poke|p2|Primarina, L50, M|\n|poke|p2|Scizor, L50, F|\n|poke|p2|Bellibolt, L50, M|\n|poke|p2|Lopunny, L50, F|\n|poke|p2|Kingambit, L50, M|\n|poke|p2|Skeledirge, L50, F|\n|teampreview|3\n|\n|t:|1776922130\n|teamsize|p1|3\n|teamsize|p2|3\n|start\n|switch|p1a: Garchomp|Garchomp, L50, F|100/100\n|switch|p2a: Lopunny|Lopunny, L50, F|100/100\n|turn|1\n|inactive|Battle timer is ON: inactive players will automatically lose when time's up. (requested by karbain)\n|\n|t:|1776922137\n|detailschange|p2a: Lopunny|Lopunny-Mega, L50, F\n|-mega|p2a: Lopunny|Lopunny|Lopunnite\n|move|p1a: Garchomp|Earthquake|p2a: Lopunny\n|-damage|p2a: Lopunny|28/100\n|move|p2a: Lopunny|Triple Axel|p1a: Garchomp\n|-supereffective|p1a: Garchomp|2\n|-damage|p1a: Garchomp|68/100\n|-damage|p2a: Lopunny|16/100|[from] ability: Rough Skin|[of] p1a: Garchomp\n|-supereffective|p1a: Garchomp|2\n|-damage|p1a: Garchomp|10/100\n|-damage|p2a: Lopunny|4/100|[from] ability: Rough Skin|[of] p1a: Garchomp\n|-supereffective|p1a: Garchomp|2\n|-damage|p1a: Garchomp|0 fnt\n|-damage|p2a: Lopunny|0 fnt|[from] ability: Rough Skin|[of] p1a: Garchomp\n|faint|p1a: Garchomp\n|faint|p2a: Lopunny\n|-hitcount|p1: Garchomp|3\n|\n|upkeep\n|inactive|TRAINER0013 has 30 seconds left.\n|\n|t:|1776922166\n|switch|p2a: Primarina|Primarina, L50, M|100/100\n|switch|p1a: Empoleon|Empoleon, L50, M|100/100\n|turn|2\n|\n|t:|1776922173\n|move|p2a: Primarina|Moonblast|p1a: Empoleon\n|-resisted|p1a: Empoleon|1\n|-damage|p1a: Empoleon|80/100\n|move|p1a: Empoleon|Stealth Rock|p2a: Primarina\n|-sidestart|p2: TRAINER0013|move: Stealth Rock\n|\n|upkeep\n|turn|3\n|\n|t:|1776922179\n|move|p1a: Empoleon|Yawn|p2a: Primarina\n|-start|p2a: Primarina|move: Yawn|[of] p1a: Empoleon\n|move|p2a: Primarina|Moonblast|p1a: Empoleon\n|-resisted|p1a: Empoleon|1\n|-damage|p1a: Empoleon|59/100\n|-unboost|p1a: Empoleon|spa|1\n|-ability|p1a: Empoleon|Competitive|boost\n|-boost|p1a: Empoleon|spa|2\n|\n|upkeep\n|turn|4\n|\n|t:|1776922196\n|move|p1a: Empoleon|Surf|p2a: Primarina\n|-resisted|p2a: Primarina|1\n|-damage|p2a: Primarina|81/100\n|move|p2a: Primarina|Flip Turn|p1a: Empoleon\n|-resisted|p1a: Empoleon|1\n|-damage|p1a: Empoleon|49/100\n|-enditem|p1a: Empoleon|Sitrus Berry|[eat]\n|-heal|p1a: Empoleon|74/100|[from] item: Sitrus Berry\n|\n|t:|1776922204\n|switch|p2a: Scizor|Scizor, L50, F|100/100|[from] Flip Turn\n|-damage|p2a: Scizor|88/100|[from] Stealth Rock\n|\n|upkeep\n|turn|5\n|\n|t:|1776922211\n|move|p2a: Scizor|Swords Dance|p2a: Scizor\n|-boost|p2a: Scizor|atk|2\n|move|p1a: Empoleon|Surf|p2a: Scizor\n|-damage|p2a: Scizor|24/100\n|\n|upkeep\n|turn|6\n|\n|t:|1776922220\n|move|p2a: Scizor|Bullet Punch|p1a: Empoleon\n|-resisted|p1a: Empoleon|2\n|-damage|p1a: Empoleon|58/100\n|move|p1a: Empoleon|Surf|p2a: Scizor\n|-damage|p2a: Scizor|0 fnt\n|faint|p2a: Scizor\n|\n|upkeep\n|j| Esslinger\n|-message|TRAINER0013 forfeited.\n|\n|win|karbain\n|raw|karbain's rating: 1364 &rarr; <strong>1377</strong><br />(+13 for winning)\n|raw|TRAINER0013's rating: 1243 &rarr; <strong>1226</strong><br />(-17 for losing)\n|l|\u2606TRAINER0013\n|player|p2|\n|l|\u2606karbain\n|player|p1|\n|l| Esslinger\n", "uploadtime": 1776922296, "views": 7, "formatid": "gen9championsbssregma", "rating": 1226, "private": 0, "password": null}