{"id": "gen9championsbssregma-2590679806", "format": "[Gen 9 Champions] BSS Reg M-A", "players": ["hijanu", "sion0911"], "log": "|j|\u2606hijanu\n|j|\u2606sion0911\n|t:|1776833601\n|gametype|singles\n|player|p1|hijanu|hilbert|1150\n|player|p2|sion0911|red|1183\n|gen|9\n|tier|[Gen 9 Champions] BSS Reg M-A\n|rated|\n|rule|Species Clause: Limit one of each Pok\u00e9mon\n|rule|Item Clause: Limit 1 of each item\n|clearpoke\n|poke|p1|Ceruledge, L50, M, shiny|\n|poke|p1|Rotom-Wash, L50, shiny|\n|poke|p1|Torterra, L50, M, shiny|\n|poke|p1|Archaludon, L50, M|\n|poke|p1|Slowking-Galar, L50, M, shiny|\n|poke|p1|Hydreigon, L50, F|\n|poke|p2|Mudsdale, L50, F|\n|poke|p2|Beedrill, L50, M|\n|poke|p2|Tyrantrum, L50, M, shiny|\n|poke|p2|Armarouge, L50, M|\n|poke|p2|Floette-Eternal, L50, F|\n|poke|p2|Palafin, L50, M|\n|teampreview|3\n|inactive|Battle timer is ON: inactive players will automatically lose when time's up. (requested by sion0911)\n|inactive|hijanu has 60 seconds left.\n|inactive|sion0911 has 60 seconds left.\n|\n|t:|1776833639\n|teamsize|p1|3\n|teamsize|p2|3\n|start\n|switch|p1a: Slowking|Slowking-Galar, L50, M, shiny|100/100\n|switch|p2a: \uc801\ud1a0\ub9c8|Mudsdale, L50, F|100/100\n|turn|1\n|\n|t:|1776833651\n|switch|p1a: Rotom|Rotom-Wash, L50, shiny|100/100\n|move|p2a: \uc801\ud1a0\ub9c8|Stealth Rock|p1a: Rotom\n|-sidestart|p1: hijanu|move: Stealth Rock\n|\n|upkeep\n|turn|2\n|\n|t:|1776833663\n|move|p1a: Rotom|Will-O-Wisp|p2a: \uc801\ud1a0\ub9c8\n|-status|p2a: \uc801\ud1a0\ub9c8|brn\n|move|p2a: \uc801\ud1a0\ub9c8|Roar|p1a: Rotom\n|drag|p1a: Slowking|Slowking-Galar, L50, M, shiny|100/100\n|-damage|p1a: Slowking|88/100|[from] Stealth Rock\n|\n|-damage|p2a: \uc801\ud1a0\ub9c8|95/100 brn|[from] brn\n|upkeep\n|turn|3\n|inactive|hijanu has 30 seconds left.\n|\n|t:|1776833690\n|move|p2a: \uc801\ud1a0\ub9c8|Earthquake|p1a: Slowking\n|-supereffective|p1a: Slowking|1\n|-damage|p1a: Slowking|45/100\n|move|p1a: Slowking|Sludge Wave|p2a: \uc801\ud1a0\ub9c8\n|-resisted|p2a: \uc801\ud1a0\ub9c8|1\n|-damage|p2a: \uc801\ud1a0\ub9c8|71/100 brn\n|-ability|p2a: \uc801\ud1a0\ub9c8|Stamina|boost\n|-boost|p2a: \uc801\ud1a0\ub9c8|def|1\n|\n|-heal|p2a: \uc801\ud1a0\ub9c8|77/100 brn|[from] item: Leftovers\n|-damage|p2a: \uc801\ud1a0\ub9c8|71/100 brn|[from] brn\n|upkeep\n|turn|4\n|\n|t:|1776833704\n|switch|p1a: Rotom|Rotom-Wash, L50, shiny|100/100\n|-damage|p1a: Rotom|88/100|[from] Stealth Rock\n|move|p2a: \uc801\ud1a0\ub9c8|Roar|p1a: Rotom\n|drag|p1a: Slowking|Slowking-Galar, L50, M, shiny|78/100\n|-damage|p1a: Slowking|65/100|[from] Stealth Rock\n|\n|-heal|p2a: \uc801\ud1a0\ub9c8|77/100 brn|[from] item: Leftovers\n|-damage|p2a: \uc801\ud1a0\ub9c8|71/100 brn|[from] brn\n|upkeep\n|turn|5\n|\n|t:|1776833716\n|switch|p1a: Rotom|Rotom-Wash, L50, shiny|88/100\n|-damage|p1a: Rotom|76/100|[from] Stealth Rock\n|move|p2a: \uc801\ud1a0\ub9c8|Earthquake|p1a: Rotom\n|-immune|p1a: Rotom|[from] ability: Levitate\n|\n|-heal|p2a: \uc801\ud1a0\ub9c8|77/100 brn|[from] item: Leftovers\n|-damage|p2a: \uc801\ud1a0\ub9c8|71/100 brn|[from] brn\n|upkeep\n|turn|6\n|\n|t:|1776833727\n|move|p1a: Rotom|Hydro Pump|p2a: \uc801\ud1a0\ub9c8\n|-supereffective|p2a: \uc801\ud1a0\ub9c8|1\n|-damage|p2a: \uc801\ud1a0\ub9c8|0 fnt\n|faint|p2a: \uc801\ud1a0\ub9c8\n|\n|upkeep\n|\n|t:|1776833734\n|switch|p2a: \ub300\ud3ec\uc0ac\uc218|Armarouge, L50, M|100/100\n|turn|7\n|\n|t:|1776833745\n|move|p2a: \ub300\ud3ec\uc0ac\uc218|Energy Ball|p1a: Rotom\n|-supereffective|p1a: Rotom|1\n|-damage|p1a: Rotom|8/100\n|-enditem|p1a: Rotom|Sitrus Berry|[eat]\n|-heal|p1a: Rotom|32/100|[from] item: Sitrus Berry\n|move|p1a: Rotom|Dark Pulse|p2a: \ub300\ud3ec\uc0ac\uc218\n|-supereffective|p2a: \ub300\ud3ec\uc0ac\uc218|1\n|-damage|p2a: \ub300\ud3ec\uc0ac\uc218|30/100\n|\n|upkeep\n|turn|8\n|inactive|hijanu has 30 seconds left.\n|\n|t:|1776833774\n|move|p2a: \ub300\ud3ec\uc0ac\uc218|Energy Ball|p1a: Rotom\n|-supereffective|p1a: Rotom|1\n|-damage|p1a: Rotom|0 fnt\n|faint|p1a: Rotom\n|\n|upkeep\n|\n|t:|1776833781\n|switch|p1a: Slowking|Slowking-Galar, L50, M, shiny|99/100\n|-damage|p1a: Slowking|86/100|[from] Stealth Rock\n|turn|9\n|\n|t:|1776833801\n|move|p2a: \ub300\ud3ec\uc0ac\uc218|Psyshock|p1a: Slowking\n|-damage|p1a: Slowking|41/100\n|move|p1a: Slowking|Yawn|p2a: \ub300\ud3ec\uc0ac\uc218\n|-start|p2a: \ub300\ud3ec\uc0ac\uc218|move: Yawn|[of] p1a: Slowking\n|\n|upkeep\n|turn|10\n|\n|t:|1776833812\n|switch|p2a: \ucc3d\ubcd1|Beedrill, L50, M|100/100\n|switch|p1a: Archaludon|Archaludon, L50, M|100/100\n|-damage|p1a: Archaludon|95/100|[from] Stealth Rock\n|\n|-heal|p1a: Archaludon|100/100|[from] item: Leftovers\n|upkeep\n|turn|11\n|\n|t:|1776833824\n|detailschange|p2a: \ucc3d\ubcd1|Beedrill-Mega, L50, M\n|-mega|p2a: \ucc3d\ubcd1|Beedrill|Beedrillite\n|move|p2a: \ucc3d\ubcd1|U-turn|p1a: Archaludon\n|-resisted|p1a: Archaludon|1\n|-damage|p1a: Archaludon|75/100\n|-ability|p1a: Archaludon|Stamina|boost\n|-boost|p1a: Archaludon|def|1\n|\n|t:|1776833828\n|switch|p2a: \ub300\ud3ec\uc0ac\uc218|Armarouge, L50, M|30/100|[from] U-turn\n|move|p1a: Archaludon|Dragon Pulse|p2a: \ub300\ud3ec\uc0ac\uc218\n|-damage|p2a: \ub300\ud3ec\uc0ac\uc218|0 fnt\n|faint|p2a: \ub300\ud3ec\uc0ac\uc218\n|\n|-heal|p1a: Archaludon|81/100|[from] item: Leftovers\n|upkeep\n|\n|t:|1776833831\n|switch|p2a: \ucc3d\ubcd1|Beedrill-Mega, L50, M|100/100\n|turn|12\n|\n|t:|1776833849\n|move|p2a: \ucc3d\ubcd1|Drill Run|p1a: Archaludon\n|-supereffective|p1a: Archaludon|1\n|-damage|p1a: Archaludon|48/100\n|-ability|p1a: Archaludon|Stamina|boost\n|-boost|p1a: Archaludon|def|1\n|move|p1a: Archaludon|Steel Beam|p2a: \ucc3d\ubcd1\n|-damage|p2a: \ucc3d\ubcd1|0 fnt\n|-damage|p1a: Archaludon|0 fnt|[from] steelbeam\n|faint|p1a: Archaludon\n|faint|p2a: \ucc3d\ubcd1\n|\n|win|hijanu\n|raw|hijanu's rating: 1150 &rarr; <strong>1177</strong><br />(+27 for winning)\n|raw|sion0911's rating: 1183 &rarr; <strong>1156</strong><br />(-27 for losing)\n|l|\u2606sion0911\n|player|p2|\n", "uploadtime": 1776834003, "views": 7, "formatid": "gen9championsbssregma", "rating": 1156, "private": 0, "password": null}