{"id": "gen9championsbssregma-2593253472", "format": "[Gen 9 Champions] BSS Reg M-A", "players": ["Lunartul", "nrgkrg"], "log": "|j|\u2606Lunartul\n|j|\u2606nrgkrg\n|t:|1777064379\n|gametype|singles\n|player|p1|Lunartul|volkner|1323\n|player|p2|nrgkrg|265|1353\n|gen|9\n|tier|[Gen 9 Champions] BSS Reg M-A\n|rated|\n|rule|Species Clause: Limit one of each Pok\u00e9mon\n|rule|Item Clause: Limit 1 of each item\n|clearpoke\n|poke|p1|Charizard, L50, F|\n|poke|p1|Hippowdon, L50, M|\n|poke|p1|Primarina, L50, F|\n|poke|p1|Meowscarada, L50, F|\n|poke|p1|Sneasler, L50, F|\n|poke|p1|Starmie, L50|\n|poke|p2|Greninja, L50, F|\n|poke|p2|Lopunny, L50, M|\n|poke|p2|Garchomp, L50, F|\n|poke|p2|Corviknight, L50, M|\n|poke|p2|Primarina, L50, M|\n|poke|p2|Aegislash, L50, F|\n|teampreview|3\n|\n|t:|1777064496\n|teamsize|p1|3\n|teamsize|p2|3\n|start\n|switch|p1a: Charizard|Charizard, L50, F|100/100\n|switch|p2a: Greninja|Greninja, L50, F|100/100\n|turn|1\n|\n|t:|1777064534\n|switch|p2a: Garchomp|Garchomp, L50, F|100/100\n|detailschange|p1a: Charizard|Charizard-Mega-Y, L50, F\n|-mega|p1a: Charizard|Charizard|Charizardite Y\n|-weather|SunnyDay|[from] ability: Drought|[of] p1a: Charizard\n|move|p1a: Charizard|Solar Beam||[still]\n|-prepare|p1a: Charizard|Solar Beam\n|-anim|p1a: Charizard|Solar Beam|p2a: Garchomp\n|-damage|p2a: Garchomp|60/100\n|\n|-weather|SunnyDay|[upkeep]\n|upkeep\n|turn|2\n|\n|t:|1777064548\n|switch|p1a: Primarina|Primarina, L50, F|100/100\n|move|p2a: Garchomp|Stealth Rock|p1a: Primarina\n|-sidestart|p1: Lunartul|move: Stealth Rock\n|\n|-weather|SunnyDay|[upkeep]\n|upkeep\n|turn|3\n|\n|t:|1777064561\n|move|p2a: Garchomp|Earthquake|p1a: Primarina\n|-damage|p1a: Primarina|52/100\n|move|p1a: Primarina|Moonblast|p2a: Garchomp\n|-supereffective|p2a: Garchomp|1\n|-damage|p2a: Garchomp|0 fnt\n|faint|p2a: Garchomp\n|\n|-weather|SunnyDay|[upkeep]\n|upkeep\n|\n|t:|1777064564\n|switch|p2a: Greninja|Greninja, L50, F|100/100\n|turn|4\n|\n|t:|1777064582\n|move|p2a: Greninja|Sludge Wave|p1a: Primarina\n|-start|p2a: Greninja|typechange|Poison|[from] ability: Protean\n|-supereffective|p1a: Primarina|1\n|-damage|p1a: Primarina|0 fnt\n|faint|p1a: Primarina\n|\n|-weather|SunnyDay|[upkeep]\n|upkeep\n|\n|t:|1777064591\n|switch|p1a: Hippowdon|Hippowdon, L50, M|100/100\n|-damage|p1a: Hippowdon|94/100|[from] Stealth Rock\n|-weather|Sandstorm|[from] ability: Sand Stream|[of] p1a: Hippowdon\n|turn|5\n|\n|t:|1777064605\n|detailschange|p2a: Greninja|Greninja-Mega, L50, F\n|-mega|p2a: Greninja|Greninja|Greninjite\n|move|p2a: Greninja|Ice Beam|p1a: Hippowdon\n|-start|p2a: Greninja|typechange|Ice|[from] ability: Protean\n|-supereffective|p1a: Hippowdon|1\n|-damage|p1a: Hippowdon|0 fnt\n|faint|p1a: Hippowdon\n|\n|-weather|Sandstorm|[upkeep]\n|-damage|p2a: Greninja|94/100|[from] Sandstorm\n|upkeep\n|\n|t:|1777064613\n|switch|p1a: Charizard|Charizard-Mega-Y, L50, F|100/100\n|-damage|p1a: Charizard|51/100|[from] Stealth Rock\n|-weather|SunnyDay|[from] ability: Drought|[of] p1a: Charizard\n|turn|6\n|\n|t:|1777064622\n|move|p2a: Greninja|Ice Beam|p1a: Charizard\n|-damage|p1a: Charizard|0 fnt\n|faint|p1a: Charizard\n|\n|win|nrgkrg\n|raw|Lunartul's rating: 1323 &rarr; <strong>1305</strong><br />(-18 for losing)\n|raw|nrgkrg's rating: 1353 &rarr; <strong>1371</strong><br />(+18 for winning)\n|l|\u2606nrgkrg\n|player|p2|\n", "uploadtime": 1777064679, "views": 20, "formatid": "gen9championsbssregma", "rating": 1305, "private": 0, "password": null}