{"id": "gen9championsbssregma-2594587016", "format": "[Gen 9 Champions] BSS Reg M-A", "players": ["akiniri muroi", "DiceyRice"], "log": "|j|\u2606akiniri muroi\n|j|\u2606DiceyRice\n|t:|1777215787\n|gametype|singles\n|player|p1|akiniri muroi|169|1392\n|player|p2|DiceyRice|miku-ghost|1453\n|gen|9\n|tier|[Gen 9 Champions] BSS Reg M-A\n|rated|\n|rule|Species Clause: Limit one of each Pok\u00e9mon\n|rule|Item Clause: Limit 1 of each item\n|clearpoke\n|poke|p1|Lopunny, L50, M|\n|poke|p1|Garchomp, L50, F|\n|poke|p1|Sneasler, L50, F|\n|poke|p1|Skeledirge, L50, F|\n|poke|p1|Primarina, L50, M|\n|poke|p1|Alakazam, L50, M|\n|poke|p2|Clefable, L50, F|\n|poke|p2|Espathra, L50, M|\n|poke|p2|Incineroar, L50, F|\n|poke|p2|Aegislash, L50, F|\n|poke|p2|Hydreigon, L50, F|\n|poke|p2|Floette-Eternal, L50, F|\n|teampreview|3\n|\n|t:|1777215807\n|teamsize|p1|3\n|teamsize|p2|3\n|start\n|switch|p1a: Primarina|Primarina, L50, M|100/100\n|switch|p2a: Espathra|Espathra, L50, M|100/100\n|turn|1\n|\n|t:|1777215817\n|move|p2a: Espathra|Calm Mind|p2a: Espathra\n|-boost|p2a: Espathra|spa|1\n|-boost|p2a: Espathra|spd|1\n|move|p1a: Primarina|Moonblast|p2a: Espathra\n|-damage|p2a: Espathra|53/100\n|\n|-heal|p2a: Espathra|59/100|[from] item: Leftovers\n|-ability|p2a: Espathra|Speed Boost|boost\n|-boost|p2a: Espathra|spe|1\n|upkeep\n|turn|2\n|\n|t:|1777215820\n|move|p2a: Espathra|Protect|p2a: Espathra\n|-singleturn|p2a: Espathra|Protect\n|move|p1a: Primarina|Encore|p2a: Espathra\n|-activate|p2a: Espathra|move: Protect\n|\n|-heal|p2a: Espathra|65/100|[from] item: Leftovers\n|-ability|p2a: Espathra|Speed Boost|boost\n|-boost|p2a: Espathra|spe|1\n|upkeep\n|turn|3\n|\n|t:|1777215845\n|move|p2a: Espathra|Calm Mind|p2a: Espathra\n|-boost|p2a: Espathra|spa|1\n|-boost|p2a: Espathra|spd|1\n|move|p1a: Primarina|Moonblast|p2a: Espathra\n|-damage|p2a: Espathra|32/100\n|\n|-heal|p2a: Espathra|38/100|[from] item: Leftovers\n|-ability|p2a: Espathra|Speed Boost|boost\n|-boost|p2a: Espathra|spe|1\n|upkeep\n|turn|4\n|\n|t:|1777215880\n|move|p2a: Espathra|Protect|p2a: Espathra\n|-singleturn|p2a: Espathra|Protect\n|move|p1a: Primarina|Encore|p2a: Espathra\n|-activate|p2a: Espathra|move: Protect\n|\n|-heal|p2a: Espathra|44/100|[from] item: Leftovers\n|-ability|p2a: Espathra|Speed Boost|boost\n|-boost|p2a: Espathra|spe|1\n|upkeep\n|turn|5\n|\n|t:|1777215883\n|move|p2a: Espathra|Baton Pass|p2a: Espathra\n|\n|t:|1777215884\n|switch|p2a: Clefable|Clefable, L50, F|100/100|[from] Baton Pass\n|move|p1a: Primarina|Encore||[still]\n|-fail|p1a: Primarina\n|\n|upkeep\n|turn|6\n|\n|t:|1777215892\n|detailschange|p2a: Clefable|Clefable-Mega, L50, F\n|-mega|p2a: Clefable|Clefable|Clefablite\n|move|p2a: Clefable|Cosmic Power|p2a: Clefable\n|-boost|p2a: Clefable|def|1\n|-boost|p2a: Clefable|spd|1\n|move|p1a: Primarina|Encore|p2a: Clefable\n|move|p2a: Clefable|Encore||[from] ability: Magic Bounce|[still]\n|-fail|p2a: Clefable\n|\n|upkeep\n|turn|7\n|l|\u2606akiniri muroi\n|player|p1|\n|j| Erlkonig_xxy\n|inactive|Battle timer is ON: inactive players will automatically lose when time's up. (requested by DiceyRice)\n|inactive|akiniri muroi has 30 seconds to reconnect!\n|l| Erlkonig_xxy\n|inactive|akiniri muroi has 20 seconds to reconnect!\n|inactive|akiniri muroi has 15 seconds to reconnect!\n|inactive|akiniri muroi has 10 seconds to reconnect!\n|inactive|akiniri muroi has 5 seconds to reconnect!\n|-message|akiniri muroi lost due to inactivity.\n|\n|win|DiceyRice\n|raw|akiniri muroi's rating: 1392 &rarr; <strong>1375</strong><br />(-17 for losing)\n|raw|DiceyRice's rating: 1453 &rarr; <strong>1470</strong><br />(+17 for winning)\n", "uploadtime": 1777215994, "views": 1, "formatid": "gen9championsbssregma", "rating": 1375, "private": 0, "password": null}