{"id": "gen9championsbssregma-2589711510", "format": "[Gen 9 Champions] BSS Reg M-A", "players": ["karbain", "KevMev"], "log": "|j|\u2606karbain\n|j|\u2606KevMev\n|t:|1776750476\n|gametype|singles\n|player|p1|karbain|266|1363\n|player|p2|KevMev|waiter-gen4|1380\n|gen|9\n|tier|[Gen 9 Champions] BSS Reg M-A\n|rated|\n|rule|Species Clause: Limit one of each Pok\u00e9mon\n|rule|Item Clause: Limit 1 of each item\n|clearpoke\n|poke|p1|Mimikyu, L50, M|\n|poke|p1|Empoleon, L50, M|\n|poke|p1|Charizard, L50, F|\n|poke|p1|Greninja, L50, M|\n|poke|p1|Lucario, L50, F|\n|poke|p1|Garchomp, L50, F|\n|poke|p2|Floette-Eternal, L50, F|\n|poke|p2|Archaludon, L50, F, shiny|\n|poke|p2|Gyarados, L50, M, shiny|\n|poke|p2|Mimikyu, L50, M|\n|poke|p2|Hydreigon, L50, F|\n|poke|p2|Sneasler, L50, M, shiny|\n|teampreview|3\n|\n|t:|1776750497\n|teamsize|p1|3\n|teamsize|p2|3\n|start\n|switch|p1a: Empoleon|Empoleon, L50, M|100/100\n|switch|p2a: Hydreigon|Hydreigon, L50, F|100/100\n|turn|1\n|inactive|Battle timer is ON: inactive players will automatically lose when time's up. (requested by karbain)\n|\n|t:|1776750516\n|move|p2a: Hydreigon|Dark Pulse|p1a: Empoleon\n|-damage|p1a: Empoleon|67/100\n|cant|p1a: Empoleon|flinch\n|\n|upkeep\n|turn|2\n|\n|t:|1776750521\n|move|p2a: Hydreigon|Dark Pulse|p1a: Empoleon\n|-damage|p1a: Empoleon|32/100\n|-enditem|p1a: Empoleon|Sitrus Berry|[eat]\n|-heal|p1a: Empoleon|57/100|[from] item: Sitrus Berry\n|move|p1a: Empoleon|Stealth Rock|p2a: Hydreigon\n|-sidestart|p2: KevMev|move: Stealth Rock\n|\n|upkeep\n|turn|3\n|inactive|KevMev has 30 seconds left.\n|inactive|KevMev has 20 seconds left.\n|inactive|KevMev has 15 seconds left.\n|inactive|KevMev has 10 seconds left.\n|inactive|KevMev has 5 seconds left.\n|\n|t:|1776750576\n|move|p2a: Hydreigon|Dark Pulse|p1a: Empoleon\n|-damage|p1a: Empoleon|22/100\n|move|p1a: Empoleon|Yawn|p2a: Hydreigon\n|-start|p2a: Hydreigon|move: Yawn|[of] p1a: Empoleon\n|\n|upkeep\n|turn|4\n|\n|t:|1776750591\n|move|p2a: Hydreigon|Dark Pulse|p1a: Empoleon\n|-damage|p1a: Empoleon|0 fnt\n|faint|p1a: Empoleon\n|\n|-end|p2a: Hydreigon|move: Yawn|[silent]\n|-status|p2a: Hydreigon|slp\n|upkeep\n|\n|t:|1776750599\n|switch|p1a: Lucario|Lucario, L50, F|100/100\n|turn|5\n|inactive|KevMev has 30 seconds left.\n|inactive|KevMev has 20 seconds left.\n|inactive|KevMev has 15 seconds left.\n|\n|t:|1776750640\n|switch|p2a: Archaludon|Archaludon, L50, F, shiny|100/100\n|-damage|p2a: Archaludon|95/100|[from] Stealth Rock\n|detailschange|p1a: Lucario|Lucario-Mega, L50, F\n|-mega|p1a: Lucario|Lucario|Lucarionite\n|move|p1a: Lucario|Nasty Plot|p1a: Lucario\n|-boost|p1a: Lucario|spa|2\n|\n|-heal|p2a: Archaludon|100/100|[from] item: Leftovers\n|upkeep\n|turn|6\n|\n|t:|1776750650\n|move|p1a: Lucario|Aura Sphere|p2a: Archaludon\n|-supereffective|p2a: Archaludon|1\n|-ability|p2a: Archaludon|Sturdy\n|-damage|p2a: Archaludon|1/100\n|move|p2a: Archaludon|Thunderbolt|p1a: Lucario\n|-damage|p1a: Lucario|47/100\n|\n|-heal|p2a: Archaludon|7/100|[from] item: Leftovers\n|upkeep\n|turn|7\n|\n|t:|1776750673\n|move|p1a: Lucario|Aura Sphere|p2a: Archaludon\n|-supereffective|p2a: Archaludon|1\n|-damage|p2a: Archaludon|0 fnt\n|faint|p2a: Archaludon\n|\n|upkeep\n|\n|t:|1776750675\n|switch|p2a: Sneasler|Sneasler, L50, M, shiny|100/100\n|-damage|p2a: Sneasler|95/100|[from] Stealth Rock\n|turn|8\n|\n|t:|1776750690\n|move|p1a: Lucario|Flash Cannon|p2a: Sneasler\n|-damage|p2a: Sneasler|0 fnt\n|faint|p2a: Sneasler\n|\n|upkeep\n|inactive|KevMev has 30 seconds left.\n|\n|t:|1776750722\n|switch|p2a: Hydreigon|Hydreigon, L50, F|100/100 slp\n|-damage|p2a: Hydreigon|89/100 slp|[from] Stealth Rock\n|turn|9\n|\n|t:|1776750727\n|move|p1a: Lucario|Vacuum Wave|p2a: Hydreigon\n|-supereffective|p2a: Hydreigon|1\n|-damage|p2a: Hydreigon|0 fnt\n|faint|p2a: Hydreigon\n|\n|win|karbain\n|raw|karbain's rating: 1363 &rarr; <strong>1383</strong><br />(+20 for winning)\n|raw|KevMev's rating: 1358 &rarr; <strong>1338</strong><br />(-20 for losing)\n|l|\u2606karbain\n|player|p1|\n", "uploadtime": 1776750738, "views": 5, "formatid": "gen9championsbssregma", "rating": 1338, "private": 0, "password": null}