{"id": "gen9championsbssregma-2590905105", "format": "[Gen 9 Champions] BSS Reg M-A", "players": ["BBBkty", "Abba20110206"], "log": "|j|\u2606BBBkty\n|j|\u2606Abba20110206\n|t:|1776860221\n|gametype|singles\n|player|p1|BBBkty|266|1214\n|player|p2|Abba20110206|170|1137\n|gen|9\n|tier|[Gen 9 Champions] BSS Reg M-A\n|rated|\n|rule|Species Clause: Limit one of each Pok\u00e9mon\n|rule|Item Clause: Limit 1 of each item\n|clearpoke\n|poke|p1|Clefable, L50, F, shiny|\n|poke|p1|Charizard, L50, F, shiny|\n|poke|p1|Scizor, L50, F|\n|poke|p1|Espathra, L50, M, shiny|\n|poke|p1|Glimmora, L50, F, shiny|\n|poke|p1|Florges, L50, F|\n|poke|p2|Aggron, L50, M|\n|poke|p2|Rotom-Wash, L50|\n|poke|p2|Infernape, L50, F|\n|poke|p2|Gengar, L50, M|\n|poke|p2|Gardevoir, L50, F|\n|poke|p2|Skarmory, L50, M|\n|teampreview|3\n|inactive|Battle timer is ON: inactive players will automatically lose when time's up. (requested by BBBkty)\n|\n|t:|1776860232\n|teamsize|p1|3\n|teamsize|p2|3\n|start\n|switch|p1a: Glimmora|Glimmora, L50, F, shiny|100/100\n|switch|p2a: Skarmory|Skarmory, L50, M|100/100\n|turn|1\n|\n|t:|1776860243\n|move|p1a: Glimmora|Power Gem|p2a: Skarmory\n|-damage|p2a: Skarmory|42/100\n|-enditem|p2a: Skarmory|Sitrus Berry|[eat]\n|-heal|p2a: Skarmory|67/100|[from] item: Sitrus Berry\n|move|p2a: Skarmory|Stealth Rock|p1a: Glimmora\n|-sidestart|p1: BBBkty|move: Stealth Rock\n|\n|upkeep\n|turn|2\n|\n|t:|1776860252\n|move|p1a: Glimmora|Power Gem|p2a: Skarmory\n|-damage|p2a: Skarmory|6/100\n|move|p2a: Skarmory|Body Press|p1a: Glimmora\n|-damage|p1a: Glimmora|68/100\n|-activate|p1a: Glimmora|ability: Toxic Debris\n|-sidestart|p2: Abba20110206|move: Toxic Spikes\n|\n|upkeep\n|turn|3\n|\n|t:|1776860262\n|move|p1a: Glimmora|Stealth Rock|p2a: Skarmory\n|-sidestart|p2: Abba20110206|move: Stealth Rock\n|move|p2a: Skarmory|Roost|p2a: Skarmory\n|-heal|p2a: Skarmory|56/100\n|-singleturn|p2a: Skarmory|move: Roost\n|\n|upkeep\n|turn|4\n|\n|t:|1776860270\n|move|p1a: Glimmora|Power Gem|p2a: Skarmory\n|-damage|p2a: Skarmory|0 fnt\n|faint|p2a: Skarmory\n|\n|upkeep\n|\n|t:|1776860276\n|switch|p2a: Gardevoir|Gardevoir, L50, F|100/100\n|-status|p2a: Gardevoir|psn\n|-damage|p2a: Gardevoir|88/100 psn|[from] Stealth Rock\n|-ability|p2a: Gardevoir|Toxic Debris|Trace|[from] ability: Trace|[of] p1a: Glimmora\n|turn|5\n|\n|t:|1776860285\n|detailschange|p2a: Gardevoir|Gardevoir-Mega, L50, F\n|-mega|p2a: Gardevoir|Gardevoir|Gardevoirite\n|move|p1a: Glimmora|Power Gem|p2a: Gardevoir\n|-damage|p2a: Gardevoir|57/100 psn\n|move|p2a: Gardevoir|Psychic|p1a: Glimmora\n|-supereffective|p1a: Glimmora|1\n|-damage|p1a: Glimmora|0 fnt\n|faint|p1a: Glimmora\n|\n|-damage|p2a: Gardevoir|45/100 psn|[from] psn\n|upkeep\n|\n|t:|1776860294\n|switch|p1a: Espathra|Espathra, L50, M, shiny|100/100\n|-damage|p1a: Espathra|88/100|[from] Stealth Rock\n|turn|6\n|\n|t:|1776860300\n|move|p1a: Espathra|Protect|p1a: Espathra\n|-singleturn|p1a: Espathra|Protect\n|move|p2a: Gardevoir|Calm Mind|p2a: Gardevoir\n|-boost|p2a: Gardevoir|spa|1\n|-boost|p2a: Gardevoir|spd|1\n|\n|-damage|p2a: Gardevoir|33/100 psn|[from] psn\n|-ability|p1a: Espathra|Speed Boost|boost\n|-boost|p1a: Espathra|spe|1\n|upkeep\n|turn|7\n|\n|t:|1776860310\n|move|p1a: Espathra|Calm Mind|p1a: Espathra\n|-boost|p1a: Espathra|spa|1\n|-boost|p1a: Espathra|spd|1\n|move|p2a: Gardevoir|Shadow Ball|p1a: Espathra\n|-supereffective|p1a: Espathra|1\n|-damage|p1a: Espathra|0 fnt\n|faint|p1a: Espathra\n|\n|-damage|p2a: Gardevoir|21/100 psn|[from] psn\n|upkeep\n|\n|t:|1776860317\n|switch|p1a: Clefable|Clefable, L50, F, shiny|100/100\n|-damage|p1a: Clefable|88/100|[from] Stealth Rock\n|turn|8\n|\n|t:|1776860331\n|detailschange|p1a: Clefable|Clefable-Mega, L50, F, shiny\n|-mega|p1a: Clefable|Clefable|Clefablite\n|move|p2a: Gardevoir|Psychic|p1a: Clefable\n|-damage|p1a: Clefable|26/100\n|-unboost|p1a: Clefable|spd|1\n|move|p1a: Clefable|Cosmic Power|p1a: Clefable\n|-boost|p1a: Clefable|def|1\n|-boost|p1a: Clefable|spd|1\n|\n|-damage|p2a: Gardevoir|9/100 psn|[from] psn\n|upkeep\n|turn|9\n|\n|t:|1776860343\n|move|p2a: Gardevoir|Psychic|p1a: Clefable\n|-damage|p1a: Clefable|0 fnt\n|faint|p1a: Clefable\n|\n|win|Abba20110206\n|raw|BBBkty's rating: 1214 &rarr; <strong>1184</strong><br />(-30 for losing)\n|raw|Abba20110206's rating: 1137 &rarr; <strong>1167</strong><br />(+30 for winning)\n", "uploadtime": 1776860347, "views": 2, "formatid": "gen9championsbssregma", "rating": 1167, "private": 0, "password": null}