{"id": "gen9championsbssregma-2590889700", "format": "[Gen 9 Champions] BSS Reg M-A", "players": ["BBBkty", "388737dgtgt"], "log": "|j|\u2606BBBkty\n|j|\u2606388737dgtgt\n|t:|1776858766\n|gametype|singles\n|player|p1|BBBkty|266|1160\n|player|p2|388737dgtgt|170|1168\n|gen|9\n|tier|[Gen 9 Champions] BSS Reg M-A\n|rated|\n|rule|Species Clause: Limit one of each Pok\u00e9mon\n|rule|Item Clause: Limit 1 of each item\n|clearpoke\n|poke|p1|Clefable, L50, F, shiny|\n|poke|p1|Charizard, L50, M, shiny|\n|poke|p1|Scizor, L50, M|\n|poke|p1|Espathra, L50, M, shiny|\n|poke|p1|Glimmora, L50, F, shiny|\n|poke|p1|Florges, L50, F|\n|poke|p2|Archaludon, L50, M|\n|poke|p2|Whimsicott, L50, F|\n|poke|p2|Garchomp, L50, M|\n|poke|p2|Floette-Eternal, L50, F|\n|poke|p2|Dragapult, L50, F|\n|poke|p2|Tyranitar, L50, M|\n|teampreview|3\n|inactive|Battle timer is ON: inactive players will automatically lose when time's up. (requested by 388737dgtgt)\n|inactive|388737dgtgt has 60 seconds left.\n|\n|t:|1776858815\n|teamsize|p1|3\n|teamsize|p2|3\n|start\n|switch|p1a: Glimmora|Glimmora, L50, F, shiny|100/100\n|switch|p2a: Dragapult|Dragapult, L50, F|100/100\n|turn|1\n|\n|t:|1776858822\n|move|p2a: Dragapult|Thunder Wave|p1a: Glimmora\n|-status|p1a: Glimmora|par\n|move|p1a: Glimmora|Power Gem|p2a: Dragapult\n|-damage|p2a: Dragapult|40/100\n|\n|upkeep\n|turn|2\n|\n|t:|1776858831\n|move|p2a: Dragapult|Hex|p1a: Glimmora\n|-damage|p1a: Glimmora|21/100 par\n|move|p1a: Glimmora|Power Gem|p2a: Dragapult\n|-damage|p2a: Dragapult|0 fnt\n|faint|p2a: Dragapult\n|\n|upkeep\n|\n|t:|1776858835\n|switch|p2a: Tyranitar|Tyranitar, L50, M|100/100\n|-weather|Sandstorm|[from] ability: Sand Stream|[of] p2a: Tyranitar\n|turn|3\n|\n|t:|1776858846\n|move|p2a: Tyranitar|Iron Defense|p2a: Tyranitar\n|-boost|p2a: Tyranitar|def|2\n|move|p1a: Glimmora|Earth Power|p2a: Tyranitar\n|-supereffective|p2a: Tyranitar|1\n|-damage|p2a: Tyranitar|63/100\n|\n|-weather|Sandstorm|[upkeep]\n|upkeep\n|turn|4\n|\n|t:|1776858852\n|move|p2a: Tyranitar|Body Press|p1a: Glimmora\n|-damage|p1a: Glimmora|0 fnt\n|-activate|p1a: Glimmora|ability: Toxic Debris\n|-sidestart|p2: 388737dgtgt|move: Toxic Spikes\n|faint|p1a: Glimmora\n|\n|-weather|Sandstorm|[upkeep]\n|upkeep\n|\n|t:|1776858859\n|switch|p1a: Espathra|Espathra, L50, M, shiny|100/100\n|turn|5\n|\n|t:|1776858863\n|move|p1a: Espathra|Protect|p1a: Espathra\n|-singleturn|p1a: Espathra|Protect\n|move|p2a: Tyranitar|Taunt|p1a: Espathra\n|-activate|p1a: Espathra|move: Protect\n|\n|-weather|Sandstorm|[upkeep]\n|-damage|p1a: Espathra|95/100|[from] Sandstorm\n|-ability|p1a: Espathra|Speed Boost|boost\n|-boost|p1a: Espathra|spe|1\n|upkeep\n|turn|6\n|\n|t:|1776858870\n|move|p1a: Espathra|Baton Pass|p1a: Espathra\n|\n|t:|1776858873\n|switch|p1a: Clefable|Clefable, L50, F, shiny|100/100|[from] Baton Pass\n|move|p2a: Tyranitar|Taunt|p1a: Clefable\n|-start|p1a: Clefable|move: Taunt\n|\n|-weather|Sandstorm|[upkeep]\n|-damage|p1a: Clefable|95/100|[from] Sandstorm\n|upkeep\n|turn|7\n|\n|t:|1776858884\n|detailschange|p1a: Clefable|Clefable-Mega, L50, F, shiny\n|-mega|p1a: Clefable|Clefable|Clefablite\n|move|p1a: Clefable|Moonblast|p2a: Tyranitar\n|-supereffective|p2a: Tyranitar|1\n|-damage|p2a: Tyranitar|13/100\n|move|p2a: Tyranitar|Body Press|p1a: Clefable\n|-resisted|p1a: Clefable|2\n|-damage|p1a: Clefable|88/100\n|\n|-weather|none\n|upkeep\n|turn|8\n|-message|388737dgtgt forfeited.\n|\n|win|BBBkty\n|raw|BBBkty's rating: 1160 &rarr; <strong>1186</strong><br />(+26 for winning)\n|raw|388737dgtgt's rating: 1168 &rarr; <strong>1142</strong><br />(-26 for losing)\n|l|\u2606388737dgtgt\n|player|p2|\n", "uploadtime": 1776858891, "views": 2, "formatid": "gen9championsbssregma", "rating": 1142, "private": 0, "password": null}