{"id": "gen9championsbssregma-2589650666", "format": "[Gen 9 Champions] BSS Reg M-A", "players": ["2026412myyzzz", "coldcandy"], "log": "|j|\u26062026412myyzzz\n|j|\u2606coldcandy\n|t:|1776743082\n|gametype|singles\n|player|p1|2026412myyzzz|2|1473\n|player|p2|coldcandy|swimmerf|1352\n|gen|9\n|tier|[Gen 9 Champions] BSS Reg M-A\n|rated|\n|rule|Species Clause: Limit one of each Pok\u00e9mon\n|rule|Item Clause: Limit 1 of each item\n|clearpoke\n|poke|p1|Kangaskhan, L50, F|\n|poke|p1|Basculegion, L50, M|\n|poke|p1|Primarina, L50, M|\n|poke|p1|Garchomp, L50, F|\n|poke|p1|Aegislash, L50, M|\n|poke|p1|Dragonite, L50, F|\n|poke|p2|Greninja, L50, M, shiny|\n|poke|p2|Kangaskhan, L50, F, shiny|\n|poke|p2|Charizard, L50, F|\n|poke|p2|Gyarados, L50, F, shiny|\n|poke|p2|Mimikyu, L50, M, shiny|\n|poke|p2|Aegislash, L50, F, shiny|\n|teampreview|3\n|inactive|Battle timer is ON: inactive players will automatically lose when time's up. (requested by coldcandy)\n|\n|t:|1776743105\n|teamsize|p1|3\n|teamsize|p2|3\n|start\n|switch|p1a: Kangaskhan|Kangaskhan, L50, F|100/100\n|switch|p2a: Greninja|Greninja, L50, M, shiny|100/100\n|turn|1\n|j| p74\n|\n|t:|1776743112\n|switch|p2a: Mimikyu|Mimikyu, L50, M, shiny|100/100\n|detailschange|p1a: Kangaskhan|Kangaskhan-Mega, L50, F\n|-mega|p1a: Kangaskhan|Kangaskhan|Kangaskhanite\n|move|p1a: Kangaskhan|Double-Edge|p2a: Mimikyu\n|-immune|p2a: Mimikyu\n|\n|upkeep\n|turn|2\n|\n|t:|1776743118\n|move|p1a: Kangaskhan|Earthquake|p2a: Mimikyu\n|-activate|p2a: Mimikyu|ability: Disguise\n|-damage|p2a: Mimikyu|100/100\n|detailschange|p2a: Mimikyu|Mimikyu-Busted, L50, M, shiny\n|-damage|p2a: Mimikyu|89/100|[from] pokemon: Mimikyu-Busted\n|-damage|p2a: Mimikyu|77/100\n|-hitcount|p2a: Mimikyu|2\n|move|p2a: Mimikyu|Swords Dance|p2a: Mimikyu\n|-boost|p2a: Mimikyu|atk|2\n|\n|upkeep\n|turn|3\n|\n|t:|1776743131\n|switch|p1a: Primarina|Primarina, L50, M|100/100\n|move|p2a: Mimikyu|Drain Punch|p1a: Primarina\n|-resisted|p1a: Primarina|1\n|-damage|p1a: Primarina|80/100\n|-heal|p2a: Mimikyu|89/100|[from] drain|[of] p1a: Primarina\n|\n|-heal|p1a: Primarina|86/100|[from] item: Leftovers\n|upkeep\n|turn|4\n|\n|t:|1776743147\n|move|p2a: Mimikyu|Play Rough|p1a: Primarina\n|-damage|p1a: Primarina|14/100\n|move|p1a: Primarina|Sparkling Aria|p2a: Mimikyu\n|-damage|p2a: Mimikyu|49/100\n|\n|-heal|p1a: Primarina|20/100|[from] item: Leftovers\n|upkeep\n|turn|5\n|\n|t:|1776743156\n|move|p2a: Mimikyu|Shadow Sneak|p1a: Primarina\n|-damage|p1a: Primarina|0 fnt\n|faint|p1a: Primarina\n|\n|upkeep\n|\n|t:|1776743158\n|switch|p1a: Basculegion|Basculegion, L50, M|100/100\n|turn|6\n|\n|t:|1776743163\n|move|p2a: Mimikyu|Shadow Sneak|p1a: Basculegion\n|-supereffective|p1a: Basculegion|1\n|-damage|p1a: Basculegion|7/100\n|move|p1a: Basculegion|Last Respects|p2a: Mimikyu\n|-supereffective|p2a: Mimikyu|1\n|-damage|p2a: Mimikyu|0 fnt\n|faint|p2a: Mimikyu\n|\n|upkeep\n|\n|t:|1776743168\n|switch|p2a: Kangaskhan|Kangaskhan, L50, F, shiny|100/100\n|turn|7\n|\n|t:|1776743175\n|detailschange|p2a: Kangaskhan|Kangaskhan-Mega, L50, F, shiny\n|-mega|p2a: Kangaskhan|Kangaskhan|Kangaskhanite\n|move|p1a: Basculegion|Aqua Jet|p2a: Kangaskhan\n|-damage|p2a: Kangaskhan|75/100\n|move|p2a: Kangaskhan|Earthquake|p1a: Basculegion\n|-damage|p1a: Basculegion|0 fnt\n|faint|p1a: Basculegion\n|-hitcount|p1: Basculegion|1\n|\n|upkeep\n|\n|t:|1776743190\n|switch|p1a: Kangaskhan|Kangaskhan-Mega, L50, F|100/100\n|turn|8\n|\n|t:|1776743194\n|move|p2a: Kangaskhan|Double-Edge|p1a: Kangaskhan\n|-damage|p1a: Kangaskhan|40/100\n|-damage|p1a: Kangaskhan|25/100\n|-hitcount|p1a: Kangaskhan|2\n|-damage|p2a: Kangaskhan|47/100|[from] Recoil\n|move|p1a: Kangaskhan|Double-Edge|p2a: Kangaskhan\n|-damage|p2a: Kangaskhan|0 fnt\n|faint|p2a: Kangaskhan\n|-hitcount|p2: Kangaskhan|1\n|-damage|p1a: Kangaskhan|11/100|[from] Recoil\n|\n|upkeep\n|\n|t:|1776743202\n|switch|p2a: Greninja|Greninja, L50, M, shiny|100/100\n|turn|9\n|\n|t:|1776743205\n|move|p2a: Greninja|Surf|p1a: Kangaskhan\n|-damage|p1a: Kangaskhan|0 fnt\n|faint|p1a: Kangaskhan\n|\n|win|coldcandy\n|raw|2026412myyzzz's rating: 1473 &rarr; <strong>1446</strong><br />(-27 for losing)\n|raw|coldcandy's rating: 1352 &rarr; <strong>1379</strong><br />(+27 for winning)\n|l|\u26062026412myyzzz\n|player|p1|\n|l|\u2606coldcandy\n|player|p2|\n", "uploadtime": 1776743647, "views": 2, "formatid": "gen9championsbssregma", "rating": 1379, "private": 0, "password": null}