{"id": "gen9championsbssregma-2593490791", "format": "[Gen 9 Champions] BSS Reg M-A", "players": ["gkswldn", "lczsb2"], "log": "|j|\u2606gkswldn\n|j|\u2606lczsb2\n|t:|1777088146\n|gametype|singles\n|player|p1|gkswldn|1|1382\n|player|p2|lczsb2|roxanne|1435\n|gen|9\n|tier|[Gen 9 Champions] BSS Reg M-A\n|rated|\n|rule|Species Clause: Limit one of each Pok\u00e9mon\n|rule|Item Clause: Limit 1 of each item\n|clearpoke\n|poke|p1|Hippowdon, L50, F|\n|poke|p1|Lucario, L50, M|\n|poke|p1|Charizard, L50, M|\n|poke|p1|Rotom-Wash, L50|\n|poke|p1|Serperior, L50, F|\n|poke|p1|Mimikyu, L50, F|\n|poke|p2|Espathra, L50, F|\n|poke|p2|Glimmora, L50, M|\n|poke|p2|Corviknight, L50, F, shiny|\n|poke|p2|Clefable, L50, F|\n|poke|p2|Archaludon, L50, M|\n|poke|p2|Gyarados, L50, M|\n|teampreview|3\n|inactive|Battle timer is ON: inactive players will automatically lose when time's up. (requested by gkswldn)\n|\n|t:|1777088175\n|teamsize|p1|3\n|teamsize|p2|3\n|start\n|switch|p1a: Serperior|Serperior, L50, F|100/100\n|switch|p2a: Glimmora|Glimmora, L50, M|100/100\n|turn|1\n|\n|t:|1777088189\n|move|p1a: Serperior|Taunt|p2a: Glimmora\n|-start|p2a: Glimmora|move: Taunt\n|cant|p2a: Glimmora|move: Taunt|Stealth Rock\n|\n|upkeep\n|turn|2\n|\n|t:|1777088194\n|switch|p2a: Corviknight|Corviknight, L50, F, shiny|100/100\n|-ability|p2a: Corviknight|Pressure\n|move|p1a: Serperior|Leaf Storm|p2a: Corviknight\n|-resisted|p2a: Corviknight|2\n|-damage|p2a: Corviknight|93/100\n|-boost|p1a: Serperior|spa|2\n|\n|upkeep\n|turn|3\n|j| bromerta\n|\n|t:|1777088210\n|switch|p2a: Glimmora|Glimmora, L50, M|100/100\n|move|p1a: Serperior|Glare|p2a: Glimmora\n|-status|p2a: Glimmora|par\n|\n|upkeep\n|turn|4\n|\n|t:|1777088216\n|move|p1a: Serperior|Leaf Storm|p2a: Glimmora\n|-enditem|p2a: Glimmora|Focus Sash\n|-damage|p2a: Glimmora|1/100 par\n|-boost|p1a: Serperior|spa|2\n|move|p2a: Glimmora|Power Gem|p1a: Serperior\n|-damage|p1a: Serperior|59/100\n|\n|-heal|p1a: Serperior|65/100|[from] item: Leftovers\n|upkeep\n|turn|5\n|\n|t:|1777088228\n|move|p1a: Serperior|Leaf Storm|p2a: Glimmora|[miss]\n|-miss|p1a: Serperior|p2a: Glimmora\n|move|p2a: Glimmora|Stealth Rock|p1a: Serperior\n|-sidestart|p1: gkswldn|move: Stealth Rock\n|\n|-heal|p1a: Serperior|71/100|[from] item: Leftovers\n|upkeep\n|turn|6\n|\n|t:|1777088241\n|move|p1a: Serperior|Leaf Storm|p2a: Glimmora|[miss]\n|-miss|p1a: Serperior|p2a: Glimmora\n|move|p2a: Glimmora|Power Gem|p1a: Serperior\n|-damage|p1a: Serperior|26/100\n|\n|-heal|p1a: Serperior|32/100|[from] item: Leftovers\n|upkeep\n|turn|7\n|\n|t:|1777088249\n|move|p1a: Serperior|Leaf Storm|p2a: Glimmora\n|-damage|p2a: Glimmora|0 fnt\n|-boost|p1a: Serperior|spa|2\n|faint|p2a: Glimmora\n|\n|-heal|p1a: Serperior|38/100|[from] item: Leftovers\n|upkeep\n|\n|t:|1777088262\n|switch|p2a: Corviknight|Corviknight, L50, F, shiny|93/100\n|-ability|p2a: Corviknight|Pressure\n|turn|8\n|\n|t:|1777088284\n|move|p1a: Serperior|Leaf Storm|p2a: Corviknight|[miss]\n|-miss|p1a: Serperior|p2a: Corviknight\n|move|p2a: Corviknight|Brave Bird|p1a: Serperior\n|-supereffective|p1a: Serperior|1\n|-damage|p1a: Serperior|0 fnt\n|faint|p1a: Serperior\n|-damage|p2a: Corviknight|82/100|[from] Recoil\n|\n|upkeep\n|\n|t:|1777088294\n|switch|p1a: Lucario|Lucario, L50, M|100/100\n|-damage|p1a: Lucario|98/100|[from] Stealth Rock\n|turn|9\n|\n|t:|1777088299\n|detailschange|p1a: Lucario|Lucario-Mega, L50, M\n|-mega|p1a: Lucario|Lucario|Lucarionite\n|move|p1a: Lucario|Nasty Plot|p1a: Lucario\n|-boost|p1a: Lucario|spa|2\n|move|p2a: Corviknight|Body Press|p1a: Lucario\n|-supereffective|p1a: Lucario|1\n|-damage|p1a: Lucario|41/100\n|\n|upkeep\n|turn|10\n|l| bromerta\n|\n|t:|1777088308\n|move|p1a: Lucario|Aura Sphere|p2a: Corviknight\n|-damage|p2a: Corviknight|0 fnt\n|faint|p2a: Corviknight\n|\n|upkeep\n|\n|t:|1777088312\n|switch|p2a: Gyarados|Gyarados, L50, M|100/100\n|-ability|p2a: Gyarados|Intimidate|boost\n|-unboost|p1a: Lucario|atk|1\n|turn|11\n|j| bromerta\n|inactive|lczsb2 has 30 seconds left.\n|inactive|lczsb2 has 20 seconds left.\n|\n|t:|1777088350\n|switch|p1a: Mimikyu|Mimikyu, L50, F|100/100\n|-damage|p1a: Mimikyu|88/100|[from] Stealth Rock\n|move|p2a: Gyarados|Dragon Dance|p2a: Gyarados\n|-boost|p2a: Gyarados|atk|1\n|-boost|p2a: Gyarados|spe|1\n|\n|upkeep\n|turn|12\n|\n|t:|1777088360\n|move|p2a: Gyarados|Taunt|p1a: Mimikyu\n|-start|p1a: Mimikyu|move: Taunt\n|move|p1a: Mimikyu|Play Rough|p2a: Gyarados\n|-crit|p2a: Gyarados\n|-damage|p2a: Gyarados|25/100\n|\n|upkeep\n|turn|13\n|\n|t:|1777088375\n|detailschange|p2a: Gyarados|Gyarados-Mega, L50, M\n|-mega|p2a: Gyarados|Gyarados|Gyaradosite\n|-ability|p2a: Gyarados|Mold Breaker\n|move|p1a: Mimikyu|Shadow Sneak|p2a: Gyarados\n|-resisted|p2a: Gyarados|1\n|-damage|p2a: Gyarados|17/100\n|move|p2a: Gyarados|Waterfall|p1a: Mimikyu\n|-damage|p1a: Mimikyu|0 fnt\n|faint|p1a: Mimikyu\n|\n|upkeep\n|\n|t:|1777088383\n|switch|p1a: Lucario|Lucario-Mega, L50, M|41/100\n|-damage|p1a: Lucario|38/100|[from] Stealth Rock\n|turn|14\n|\n|t:|1777088389\n|move|p1a: Lucario|Vacuum Wave|p2a: Gyarados\n|-supereffective|p2a: Gyarados|1\n|-damage|p2a: Gyarados|0 fnt\n|faint|p2a: Gyarados\n|\n|win|gkswldn\n|raw|gkswldn's rating: 1382 &rarr; <strong>1405</strong><br />(+23 for winning)\n|raw|lczsb2's rating: 1435 &rarr; <strong>1412</strong><br />(-23 for losing)\n|l|\u2606gkswldn\n|player|p1|\n", "uploadtime": 1777088421, "views": 2, "formatid": "gen9championsbssregma", "rating": 1405, "private": 0, "password": null}