{"id": "gen9championsbssregma-2591411506", "format": "[Gen 9 Champions] BSS Reg M-A", "players": ["NaybOrkana", "mega.CHIVA"], "log": "|j|\u2606NaybOrkana\n|j|\u2606mega.CHIVA\n|t:|1776896881\n|gametype|singles\n|player|p1|NaybOrkana|hilbert|1091\n|player|p2|mega.CHIVA|unknown|1161\n|gen|9\n|tier|[Gen 9 Champions] BSS Reg M-A\n|rated|\n|rule|Species Clause: Limit one of each Pok\u00e9mon\n|rule|Item Clause: Limit 1 of each item\n|clearpoke\n|poke|p1|Ceruledge, L50, F|\n|poke|p1|Primarina, L50, F|\n|poke|p1|Venusaur, L50, M|\n|poke|p1|Lucario, L50, M|\n|poke|p1|Aegislash, L50, F|\n|poke|p1|Espathra, L50, F|\n|poke|p2|Gallade, L50, M|\n|poke|p2|Garchomp, L50, M|\n|poke|p2|Hawlucha, L50, M|\n|poke|p2|Sylveon, L50, F|\n|poke|p2|Greninja, L50, M|\n|poke|p2|Blastoise, L50, M|\n|teampreview|3\n|\n|t:|1776896899\n|teamsize|p1|3\n|teamsize|p2|3\n|start\n|switch|p1a: Ceruledge|Ceruledge, L50, F|100/100\n|switch|p2a: Sylveon|Sylveon, L50, F|100/100\n|turn|1\n|\n|t:|1776896904\n|move|p1a: Ceruledge|Swords Dance|p1a: Ceruledge\n|-boost|p1a: Ceruledge|atk|2\n|move|p2a: Sylveon|Shadow Ball|p1a: Ceruledge\n|-supereffective|p1a: Ceruledge|1\n|-damage|p1a: Ceruledge|37/100\n|\n|upkeep\n|turn|2\n|\n|t:|1776896911\n|move|p1a: Ceruledge|Bitter Blade|p2a: Sylveon\n|-damage|p2a: Sylveon|0 fnt\n|-heal|p1a: Ceruledge|100/100|[from] drain|[of] p2a: Sylveon\n|faint|p2a: Sylveon\n|\n|upkeep\n|\n|t:|1776896918\n|switch|p2a: Blastoise|Blastoise, L50, M|100/100\n|turn|3\n|\n|t:|1776896923\n|detailschange|p2a: Blastoise|Blastoise-Mega, L50, M\n|-mega|p2a: Blastoise|Blastoise|Blastoisinite\n|move|p1a: Ceruledge|Close Combat|p2a: Blastoise\n|-damage|p2a: Blastoise|33/100\n|-unboost|p1a: Ceruledge|def|1\n|-unboost|p1a: Ceruledge|spd|1\n|move|p2a: Blastoise|Surf|p1a: Ceruledge\n|-supereffective|p1a: Ceruledge|1\n|-crit|p1a: Ceruledge\n|-enditem|p1a: Ceruledge|Focus Sash\n|-damage|p1a: Ceruledge|1/100\n|\n|upkeep\n|turn|4\n|\n|t:|1776896934\n|move|p1a: Ceruledge|Close Combat|p2a: Blastoise\n|-damage|p2a: Blastoise|0 fnt\n|-unboost|p1a: Ceruledge|def|1\n|-unboost|p1a: Ceruledge|spd|1\n|faint|p2a: Blastoise\n|\n|upkeep\n|\n|t:|1776896943\n|switch|p2a: Gallade|Gallade, L50, M|100/100\n|turn|5\n|\n|t:|1776896947\n|move|p1a: Ceruledge|Shadow Sneak|p2a: Gallade\n|-supereffective|p2a: Gallade|1\n|-damage|p2a: Gallade|0 fnt\n|faint|p2a: Gallade\n|\n|win|NaybOrkana\n|raw|NaybOrkana's rating: 1091 &rarr; <strong>1123</strong><br />(+32 for winning)\n|raw|mega.CHIVA's rating: 1161 &rarr; <strong>1131</strong><br />(-30 for losing)\n|l|\u2606mega.CHIVA\n|player|p2|\n", "uploadtime": 1776896962, "views": 7, "formatid": "gen9championsbssregma", "rating": 1123, "private": 0, "password": null}