{"id": "gen9championsbssregma-2589632161", "format": "[Gen 9 Champions] BSS Reg M-A", "players": ["kyopoke_4ne", "2026412myyzzz"], "log": "|j|\u2606kyopoke_4ne\n|j|\u26062026412myyzzz\n|t:|1776741154\n|gametype|singles\n|player|p1|kyopoke_4ne|169|1365\n|player|p2|2026412myyzzz|2|1416\n|gen|9\n|tier|[Gen 9 Champions] BSS Reg M-A\n|rated|\n|rule|Species Clause: Limit one of each Pok\u00e9mon\n|rule|Item Clause: Limit 1 of each item\n|clearpoke\n|poke|p1|Hippowdon, L50, F|\n|poke|p1|Charizard, L50, M|\n|poke|p1|Archaludon, L50, F|\n|poke|p1|Garchomp, L50, M|\n|poke|p1|Primarina, L50, F|\n|poke|p1|Kangaskhan, L50, F|\n|poke|p2|Kangaskhan, L50, F|\n|poke|p2|Basculegion, L50, M|\n|poke|p2|Primarina, L50, M|\n|poke|p2|Garchomp, L50, F|\n|poke|p2|Aegislash, L50, F|\n|poke|p2|Dragonite, L50, M|\n|teampreview|3\n|inactive|Battle timer is ON: inactive players will automatically lose when time's up. (requested by 2026412myyzzz)\n|inactive|2026412myyzzz has 60 seconds left.\n|j| p74\n|\n|t:|1776741205\n|teamsize|p1|3\n|teamsize|p2|3\n|start\n|switch|p1a: Kangaskhan|Kangaskhan, L50, F|100/100\n|switch|p2a: Primarina|Primarina, L50, M|100/100\n|turn|1\n|\n|t:|1776741220\n|detailschange|p1a: Kangaskhan|Kangaskhan-Mega, L50, F\n|-mega|p1a: Kangaskhan|Kangaskhan|Kangaskhanite\n|move|p2a: Primarina|Protect|p2a: Primarina\n|-singleturn|p2a: Primarina|Protect\n|move|p1a: Kangaskhan|Fake Out|p2a: Primarina\n|-activate|p2a: Primarina|move: Protect\n|\n|upkeep\n|turn|2\n|\n|t:|1776741228\n|switch|p2a: Basculegion|Basculegion, L50, M|100/100\n|move|p1a: Kangaskhan|Earthquake|p2a: Basculegion\n|-damage|p2a: Basculegion|53/100\n|-crit|p2a: Basculegion\n|-damage|p2a: Basculegion|36/100\n|-hitcount|p2a: Basculegion|2\n|\n|upkeep\n|turn|3\n|\n|t:|1776741238\n|move|p2a: Basculegion|Aqua Jet|p1a: Kangaskhan\n|-damage|p1a: Kangaskhan|76/100\n|move|p1a: Kangaskhan|Earthquake|p2a: Basculegion\n|-damage|p2a: Basculegion|0 fnt\n|faint|p2a: Basculegion\n|-hitcount|p2: Basculegion|1\n|\n|upkeep\n|l|\u26062026412myyzzz\n|inactive|2026412myyzzz disconnected and has a minute to reconnect!\n|player|p2|\n|inactive|2026412myyzzz has 30 seconds left.\n|inactive|2026412myyzzz has 20 seconds left.\n|inactive|2026412myyzzz has 15 seconds left.\n|inactive|2026412myyzzz has 10 seconds left.\n|inactive|2026412myyzzz has 5 seconds left.\n|j|\u26062026412myyzzz\n|inactive|2026412myyzzz reconnected and has 5 seconds left.\n|player|p2|2026412myyzzz|2|\n|\n|t:|1776741293\n|switch|p2a: Dragonite|Dragonite, L50, M|100/100\n|turn|4\n|\n|t:|1776741304\n|detailschange|p2a: Dragonite|Dragonite-Mega, L50, M\n|-mega|p2a: Dragonite|Dragonite|Dragoninite\n|move|p2a: Dragonite|Air Slash|p1a: Kangaskhan\n|-damage|p1a: Kangaskhan|39/100\n|cant|p1a: Kangaskhan|flinch\n|\n|upkeep\n|turn|5\n|\n|t:|1776741312\n|move|p2a: Dragonite|Air Slash|p1a: Kangaskhan\n|-crit|p1a: Kangaskhan\n|-damage|p1a: Kangaskhan|0 fnt\n|faint|p1a: Kangaskhan\n|\n|upkeep\n|\n|t:|1776741317\n|switch|p1a: Archaludon|Archaludon, L50, F|100/100\n|turn|6\n|\n|t:|1776741323\n|move|p2a: Dragonite|Ice Beam|p1a: Archaludon\n|-damage|p1a: Archaludon|60/100\n|-ability|p1a: Archaludon|Stamina|boost\n|-boost|p1a: Archaludon|def|1\n|move|p1a: Archaludon|Draco Meteor|p2a: Dragonite\n|-supereffective|p2a: Dragonite|1\n|-damage|p2a: Dragonite|51/100\n|-unboost|p1a: Archaludon|spa|2\n|\n|-heal|p1a: Archaludon|66/100|[from] item: Leftovers\n|upkeep\n|turn|7\n|j| huhyuhyuhyuh\n|\n|t:|1776741341\n|move|p2a: Dragonite|Ice Beam|p1a: Archaludon\n|-damage|p1a: Archaludon|27/100\n|-ability|p1a: Archaludon|Stamina|boost\n|-boost|p1a: Archaludon|def|1\n|move|p1a: Archaludon|Draco Meteor|p2a: Dragonite|[miss]\n|-miss|p1a: Archaludon|p2a: Dragonite\n|\n|-heal|p1a: Archaludon|33/100|[from] item: Leftovers\n|upkeep\n|turn|8\n|\n|t:|1776741351\n|move|p2a: Dragonite|Ice Beam|p1a: Archaludon\n|-damage|p1a: Archaludon|0 fnt\n|faint|p1a: Archaludon\n|\n|upkeep\n|-message|kyopoke_4ne forfeited.\n|\n|win|2026412myyzzz\n|raw|kyopoke_4ne's rating: 1365 &rarr; <strong>1348</strong><br />(-17 for losing)\n|raw|2026412myyzzz's rating: 1416 &rarr; <strong>1433</strong><br />(+17 for winning)\n|l|\u2606kyopoke_4ne\n|player|p1|\n|l|\u26062026412myyzzz\n|player|p2|\n|l| huhyuhyuhyuh\n", "uploadtime": 1776741505, "views": 4, "formatid": "gen9championsbssregma", "rating": 1348, "private": 0, "password": null}