{"id": "gen9championsbssregma-2592248220", "format": "[Gen 9 Champions] BSS Reg M-A", "players": ["Elphilomeno", "joguri"], "log": "|j|\u2606Elphilomeno\n|j|\u2606joguri\n|t:|1776973228\n|gametype|singles\n|player|p1|Elphilomeno|volkner|1480\n|player|p2|joguri|dawn|1385\n|gen|9\n|tier|[Gen 9 Champions] BSS Reg M-A\n|rated|\n|rule|Species Clause: Limit one of each Pok\u00e9mon\n|rule|Item Clause: Limit 1 of each item\n|clearpoke\n|poke|p1|Samurott-Hisui, L50, M|\n|poke|p1|Aegislash, L50, F|\n|poke|p1|Volcarona, L50, F|\n|poke|p1|Garchomp, L50, M|\n|poke|p1|Gyarados, L50, M|\n|poke|p1|Charizard, L50, F|\n|poke|p2|Lopunny, L50, M|\n|poke|p2|Corviknight, L50, F|\n|poke|p2|Venusaur, L50, M|\n|poke|p2|Basculegion, L50, M|\n|poke|p2|Garchomp, L50, F|\n|poke|p2|Clefable, L50, M|\n|teampreview|3\n|inactive|Battle timer is ON: inactive players will automatically lose when time's up. (requested by Elphilomeno)\n|\n|t:|1776973245\n|teamsize|p1|3\n|teamsize|p2|3\n|start\n|switch|p1a: Samurott|Samurott-Hisui, L50, M|100/100\n|switch|p2a: Lopunny|Lopunny, L50, M|100/100\n|turn|1\n|\n|t:|1776973258\n|switch|p1a: Volcarona|Volcarona, L50, F|100/100\n|move|p2a: Lopunny|Cotton Guard|p2a: Lopunny\n|-boost|p2a: Lopunny|def|3\n|\n|upkeep\n|turn|2\n|\n|t:|1776973267\n|move|p2a: Lopunny|Baton Pass|p2a: Lopunny\n|\n|t:|1776973269\n|switch|p2a: Clefable|Clefable, L50, M|100/100|[from] Baton Pass\n|move|p1a: Volcarona|Fiery Dance|p2a: Clefable\n|-damage|p2a: Clefable|76/100\n|-boost|p1a: Volcarona|spa|1\n|\n|upkeep\n|turn|3\n|\n|t:|1776973276\n|move|p1a: Volcarona|Fiery Dance|p2a: Clefable\n|-damage|p2a: Clefable|50/100\n|-boost|p1a: Volcarona|spa|1\n|move|p2a: Clefable|Calm Mind|p2a: Clefable\n|-boost|p2a: Clefable|spa|1\n|-boost|p2a: Clefable|spd|1\n|\n|upkeep\n|turn|4\n|\n|t:|1776973283\n|switch|p1a: Samurott|Samurott-Hisui, L50, M|100/100\n|move|p2a: Clefable|Calm Mind|p2a: Clefable\n|-boost|p2a: Clefable|spa|1\n|-boost|p2a: Clefable|spd|1\n|\n|upkeep\n|turn|5\n|\n|t:|1776973289\n|move|p1a: Samurott|Encore|p2a: Clefable\n|-start|p2a: Clefable|Encore\n|move|p2a: Clefable|Calm Mind|p2a: Clefable\n|-boost|p2a: Clefable|spa|1\n|-boost|p2a: Clefable|spd|1\n|\n|upkeep\n|turn|6\n|\n|t:|1776973297\n|detailschange|p2a: Clefable|Clefable-Mega, L50, M\n|-mega|p2a: Clefable|Clefable|Clefablite\n|move|p1a: Samurott|Razor Shell|p2a: Clefable\n|-damage|p2a: Clefable|27/100\n|-unboost|p2a: Clefable|def|1\n|move|p2a: Clefable|Calm Mind|p2a: Clefable\n|-boost|p2a: Clefable|spa|1\n|-boost|p2a: Clefable|spd|1\n|\n|upkeep\n|turn|7\n|inactive|joguri has 30 seconds left.\n|inactive|joguri has 20 seconds left.\n|inactive|joguri has 15 seconds left.\n|inactive|joguri has 10 seconds left.\n|\n|t:|1776973343\n|switch|p2a: Lopunny|Lopunny, L50, M|100/100\n|move|p1a: Samurott|Razor Shell|p2a: Lopunny\n|-damage|p2a: Lopunny|39/100\n|-unboost|p2a: Lopunny|def|1\n|\n|upkeep\n|turn|8\n|\n|t:|1776973354\n|move|p1a: Samurott|Aqua Jet|p2a: Lopunny\n|-damage|p2a: Lopunny|4/100\n|move|p2a: Lopunny|Mega Kick|p1a: Samurott|[miss]\n|-miss|p2a: Lopunny|p1a: Samurott\n|\n|upkeep\n|turn|9\n|\n|t:|1776973360\n|move|p1a: Samurott|Aqua Jet|p2a: Lopunny\n|-damage|p2a: Lopunny|0 fnt\n|faint|p2a: Lopunny\n|\n|upkeep\n|\n|t:|1776973367\n|switch|p2a: Venusaur|Venusaur, L50, M|100/100\n|turn|10\n|\n|t:|1776973372\n|move|p1a: Samurott|Ceaseless Edge|p2a: Venusaur\n|-damage|p2a: Venusaur|60/100\n|-sidestart|p2: joguri|Spikes\n|move|p2a: Venusaur|Sludge Bomb|p1a: Samurott\n|-damage|p1a: Samurott|53/100\n|\n|upkeep\n|turn|11\n|\n|t:|1776973379\n|move|p1a: Samurott|Ceaseless Edge|p2a: Venusaur\n|-damage|p2a: Venusaur|23/100\n|-sidestart|p2: joguri|Spikes\n|move|p2a: Venusaur|Leech Seed|p1a: Samurott\n|-start|p1a: Samurott|move: Leech Seed\n|\n|-damage|p1a: Samurott|41/100|[from] Leech Seed|[of] p2a: Venusaur\n|-heal|p2a: Venusaur|34/100|[silent]\n|upkeep\n|turn|12\n|\n|t:|1776973390\n|switch|p2a: Clefable|Clefable-Mega, L50, M|27/100\n|move|p1a: Samurott|Razor Shell|p2a: Clefable\n|-damage|p2a: Clefable|0 fnt\n|faint|p2a: Clefable\n|\n|upkeep\n|\n|t:|1776973397\n|switch|p2a: Venusaur|Venusaur, L50, M|34/100\n|-damage|p2a: Venusaur|17/100|[from] Spikes\n|turn|13\n|-message|joguri forfeited.\n|\n|win|Elphilomeno\n|raw|Elphilomeno's rating: 1480 &rarr; <strong>1495</strong><br />(+15 for winning)\n|raw|joguri's rating: 1385 &rarr; <strong>1370</strong><br />(-15 for losing)\n|l|\u2606joguri\n|player|p2|\n", "uploadtime": 1776973407, "views": 6, "formatid": "gen9championsbssregma", "rating": 1370, "private": 0, "password": null}