{"id": "gen9championsbssregma-2591849964", "format": "[Gen 9 Champions] BSS Reg M-A", "players": ["burntime", "ash ketchum299"], "log": "|j|\u2606burntime\n|j|\u2606ash ketchum299\n|t:|1776945315\n|gametype|singles\n|player|p1|burntime|170|1158\n|player|p2|ash ketchum299|ash|1241\n|gen|9\n|tier|[Gen 9 Champions] BSS Reg M-A\n|rated|\n|rule|Species Clause: Limit one of each Pok\u00e9mon\n|rule|Item Clause: Limit 1 of each item\n|clearpoke\n|poke|p1|Volcarona, L50, M|\n|poke|p1|Espathra, L50, F|\n|poke|p1|Dragonite, L50, F|\n|poke|p1|Aegislash, L50, F|\n|poke|p1|Meganium, L50, F|\n|poke|p1|Glimmora, L50, M|\n|poke|p2|Lucario, L50, M|\n|poke|p2|Greninja, L50, M, shiny|\n|poke|p2|Espathra, L50, M|\n|poke|p2|Garchomp, L50, F|\n|poke|p2|Archaludon, L50, F|\n|poke|p2|Mimikyu, L50, F|\n|teampreview|3\n|inactive|Battle timer is ON: inactive players will automatically lose when time's up. (requested by ash ketchum299)\n|\n|t:|1776945356\n|teamsize|p1|3\n|teamsize|p2|3\n|start\n|switch|p1a: Glimmora|Glimmora, L50, M|100/100\n|switch|p2a: Archaludon|Archaludon, L50, F|100/100\n|turn|1\n|\n|t:|1776945368\n|move|p1a: Glimmora|Stealth Rock|p2a: Archaludon\n|-sidestart|p2: ash ketchum299|move: Stealth Rock\n|move|p2a: Archaludon|Stealth Rock|p1a: Glimmora\n|-sidestart|p1: burntime|move: Stealth Rock\n|\n|upkeep\n|turn|2\n|\n|t:|1776945375\n|move|p1a: Glimmora|Spiky Shield|p1a: Glimmora\n|-singleturn|p1a: Glimmora|move: Protect\n|move|p2a: Archaludon|Flash Cannon|p1a: Glimmora\n|-activate|p1a: Glimmora|move: Protect\n|\n|upkeep\n|turn|3\n|\n|t:|1776945386\n|switch|p1a: Aegislash|Aegislash, L50, F|100/100\n|-damage|p1a: Aegislash|95/100|[from] Stealth Rock\n|move|p2a: Archaludon|Flash Cannon|p1a: Aegislash\n|-resisted|p1a: Aegislash|1\n|-damage|p1a: Aegislash|82/100\n|\n|upkeep\n|turn|4\n|\n|t:|1776945400\n|-formechange|p1a: Aegislash|Aegislash-Blade|\n|move|p1a: Aegislash|Sacred Sword|p2a: Archaludon\n|-supereffective|p2a: Archaludon|1\n|-damage|p2a: Archaludon|57/100\n|-ability|p2a: Archaludon|Stamina|boost\n|-boost|p2a: Archaludon|def|1\n|move|p2a: Archaludon|Dragon Tail|p1a: Aegislash\n|-resisted|p1a: Aegislash|1\n|-damage|p1a: Aegislash|63/100\n|drag|p1a: Glimmora|Glimmora, L50, M|100/100\n|-damage|p1a: Glimmora|88/100|[from] Stealth Rock\n|\n|upkeep\n|turn|5\n|\n|t:|1776945415\n|switch|p2a: Espathra|Espathra, L50, M|100/100\n|-damage|p2a: Espathra|88/100|[from] Stealth Rock\n|move|p1a: Glimmora|Spiky Shield||[still]\n|-fail|p1a: Glimmora\n|\n|upkeep\n|turn|6\n|inactive|ash ketchum299 has 30 seconds left.\n|\n|t:|1776945441\n|switch|p2a: Lucario|Lucario, L50, M|100/100\n|-damage|p2a: Lucario|98/100|[from] Stealth Rock\n|switch|p1a: Volcarona|Volcarona, L50, M|100/100\n|-damage|p1a: Volcarona|51/100|[from] Stealth Rock\n|\n|-heal|p1a: Volcarona|57/100|[from] item: Leftovers\n|upkeep\n|turn|7\n|\n|t:|1776945456\n|switch|p2a: Archaludon|Archaludon, L50, F|57/100\n|-damage|p2a: Archaludon|51/100|[from] Stealth Rock\n|move|p1a: Volcarona|Fiery Dance|p2a: Archaludon\n|-damage|p2a: Archaludon|2/100\n|-boost|p1a: Volcarona|spa|1\n|-ability|p2a: Archaludon|Stamina|boost\n|-boost|p2a: Archaludon|def|1\n|\n|-heal|p1a: Volcarona|63/100|[from] item: Leftovers\n|upkeep\n|turn|8\n|\n|t:|1776945472\n|move|p1a: Volcarona|Fiery Dance|p2a: Archaludon\n|-damage|p2a: Archaludon|0 fnt\n|-boost|p1a: Volcarona|spa|1\n|faint|p2a: Archaludon\n|\n|-heal|p1a: Volcarona|69/100|[from] item: Leftovers\n|upkeep\n|\n|t:|1776945480\n|switch|p2a: Espathra|Espathra, L50, M|88/100\n|-damage|p2a: Espathra|76/100|[from] Stealth Rock\n|turn|9\n|\n|t:|1776945486\n|move|p2a: Espathra|Protect|p2a: Espathra\n|-singleturn|p2a: Espathra|Protect\n|move|p1a: Volcarona|Quiver Dance|p1a: Volcarona\n|-boost|p1a: Volcarona|spa|1\n|-boost|p1a: Volcarona|spd|1\n|-boost|p1a: Volcarona|spe|1\n|\n|-heal|p1a: Volcarona|75/100|[from] item: Leftovers\n|-ability|p2a: Espathra|Speed Boost|boost\n|-boost|p2a: Espathra|spe|1\n|upkeep\n|turn|10\n|\n|t:|1776945498\n|move|p2a: Espathra|Lumina Crash|p1a: Volcarona\n|-damage|p1a: Volcarona|56/100\n|-unboost|p1a: Volcarona|spd|2\n|move|p1a: Volcarona|Bug Buzz|p2a: Espathra\n|-supereffective|p2a: Espathra|1\n|-damage|p2a: Espathra|0 fnt\n|faint|p2a: Espathra\n|\n|-heal|p1a: Volcarona|62/100|[from] item: Leftovers\n|upkeep\n|-message|ash ketchum299 forfeited.\n|\n|win|burntime\n|raw|burntime's rating: 1158 &rarr; <strong>1189</strong><br />(+31 for winning)\n|raw|ash ketchum299's rating: 1241 &rarr; <strong>1210</strong><br />(-31 for losing)\n|l|\u2606ash ketchum299\n|player|p2|\n", "uploadtime": 1776945523, "views": 12, "formatid": "gen9championsbssregma", "rating": 1189, "private": 0, "password": null}