{"id": "gen9championsbssregma-2590521661", "format": "[Gen 9 Champions] BSS Reg M-A", "players": ["bromerta", "Crumtubfan2"], "log": "|j|\u2606bromerta\n|j|\u2606Crumtubfan2\n|t:|1776817497\n|gametype|singles\n|player|p1|bromerta|unknown|1193\n|player|p2|Crumtubfan2|plasmagrunt|1133\n|gen|9\n|tier|[Gen 9 Champions] BSS Reg M-A\n|rated|\n|rule|Species Clause: Limit one of each Pok\u00e9mon\n|rule|Item Clause: Limit 1 of each item\n|clearpoke\n|poke|p1|Gengar, L50, M, shiny|\n|poke|p1|Meowscarada, L50, F, shiny|\n|poke|p1|Corviknight, L50, M, shiny|\n|poke|p1|Garchomp, L50, M|\n|poke|p1|Primarina, L50, F, shiny|\n|poke|p1|Lopunny, L50, F, shiny|\n|poke|p2|Meganium, L50, M|\n|poke|p2|Basculegion, L50, M|\n|poke|p2|Garchomp, L50, F|\n|poke|p2|Ditto, L50|\n|poke|p2|Sneasler, L50, F|\n|poke|p2|Dragapult, L50, F|\n|teampreview|3\n|\n|t:|1776817543\n|teamsize|p1|3\n|teamsize|p2|3\n|start\n|switch|p1a: Meowscarada|Meowscarada, L50, F, shiny|100/100\n|switch|p2a: Dragapult|Dragapult, L50, F|100/100\n|turn|1\n|\n|t:|1776817554\n|move|p1a: Meowscarada|Knock Off|p2a: Dragapult\n|-start|p1a: Meowscarada|typechange|Dark|[from] ability: Protean\n|-supereffective|p2a: Dragapult|1\n|-enditem|p2a: Dragapult|Focus Sash\n|-damage|p2a: Dragapult|1/100\n|move|p2a: Dragapult|Will-O-Wisp|p1a: Meowscarada\n|-status|p1a: Meowscarada|brn\n|\n|-damage|p1a: Meowscarada|95/100 brn|[from] brn\n|upkeep\n|turn|2\n|\n|t:|1776817565\n|switch|p2a: Meganium|Meganium, L50, M|100/100\n|move|p1a: Meowscarada|Knock Off|p2a: Meganium\n|-damage|p2a: Meganium|83/100\n|\n|-damage|p1a: Meowscarada|89/100 brn|[from] brn\n|upkeep\n|turn|3\n|\n|t:|1776817571\n|switch|p1a: Lopunny|Lopunny, L50, F, shiny|100/100\n|detailschange|p2a: Meganium|Meganium-Mega, L50, M\n|-mega|p2a: Meganium|Meganium|Meganiumite\n|move|p2a: Meganium|Weather Ball|p1a: Lopunny\n|-damage|p1a: Lopunny|26/100\n|\n|upkeep\n|turn|4\n|\n|t:|1776817581\n|detailschange|p1a: Lopunny|Lopunny-Mega, L50, F, shiny\n|-mega|p1a: Lopunny|Lopunny|Lopunnite\n|move|p1a: Lopunny|Fake Out|p2a: Meganium\n|-damage|p2a: Meganium|62/100\n|cant|p2a: Meganium|flinch\n|\n|upkeep\n|turn|5\n|\n|t:|1776817590\n|switch|p2a: Dragapult|Dragapult, L50, F|1/100\n|move|p1a: Lopunny|Triple Axel|p2a: Dragapult\n|-supereffective|p2a: Dragapult|1\n|-damage|p2a: Dragapult|0 fnt\n|faint|p2a: Dragapult\n|-hitcount|p2: Dragapult|1\n|\n|upkeep\n|\n|t:|1776817592\n|switch|p2a: Basculegion|Basculegion, L50, M|100/100\n|turn|6\n|\n|t:|1776817608\n|switch|p1a: Meowscarada|Meowscarada, L50, F, shiny|89/100 brn\n|move|p2a: Basculegion|Wave Crash|p1a: Meowscarada\n|-resisted|p1a: Meowscarada|1\n|-damage|p1a: Meowscarada|30/100 brn\n|-damage|p2a: Basculegion|85/100|[from] Recoil\n|\n|-damage|p1a: Meowscarada|24/100 brn|[from] brn\n|upkeep\n|turn|7\n|\n|t:|1776817616\n|move|p1a: Meowscarada|Triple Axel|p2a: Basculegion\n|-start|p1a: Meowscarada|typechange|Ice|[from] ability: Protean\n|-resisted|p2a: Basculegion|1\n|-damage|p2a: Basculegion|82/100\n|-resisted|p2a: Basculegion|1\n|-damage|p2a: Basculegion|75/100\n|-resisted|p2a: Basculegion|1\n|-damage|p2a: Basculegion|64/100\n|-hitcount|p2a: Basculegion|3\n|move|p2a: Basculegion|Wave Crash|p1a: Meowscarada\n|-damage|p1a: Meowscarada|0 fnt\n|faint|p1a: Meowscarada\n|-damage|p2a: Basculegion|58/100|[from] Recoil\n|\n|upkeep\n|\n|t:|1776817625\n|switch|p1a: Primarina|Primarina, L50, F, shiny|100/100\n|turn|8\n|\n|t:|1776817641\n|switch|p2a: Meganium|Meganium-Mega, L50, M|62/100\n|move|p1a: Primarina|Flip Turn|p2a: Meganium\n|-resisted|p2a: Meganium|1\n|-damage|p2a: Meganium|55/100\n|\n|t:|1776817646\n|switch|p1a: Lopunny|Lopunny-Mega, L50, F, shiny|26/100|[from] Flip Turn\n|\n|upkeep\n|turn|9\n|\n|t:|1776817651\n|switch|p2a: Basculegion|Basculegion, L50, M|58/100\n|move|p1a: Lopunny|Fake Out|p2a: Basculegion\n|-crit|p2a: Basculegion\n|-damage|p2a: Basculegion|17/100\n|\n|upkeep\n|turn|10\n|\n|t:|1776817659\n|switch|p1a: Primarina|Primarina, L50, F, shiny|100/100\n|move|p2a: Basculegion|Head Smash|p1a: Primarina\n|-damage|p1a: Primarina|45/100\n|-enditem|p1a: Primarina|Sitrus Berry|[eat]\n|-heal|p1a: Primarina|69/100|[from] item: Sitrus Berry\n|-damage|p2a: Basculegion|0 fnt|[from] Recoil\n|faint|p2a: Basculegion\n|\n|upkeep\n|\n|t:|1776817662\n|switch|p2a: Meganium|Meganium-Mega, L50, M|55/100\n|turn|11\n|\n|t:|1776817680\n|move|p2a: Meganium|Synthesis|p2a: Meganium\n|-activate|p2a: Meganium|ability: Mega Sol\n|-heal|p2a: Meganium|100/100\n|move|p1a: Primarina|Moonblast|p2a: Meganium\n|-damage|p2a: Meganium|53/100\n|\n|upkeep\n|turn|12\n|\n|t:|1776817688\n|move|p2a: Meganium|Solar Beam||[still]\n|-prepare|p2a: Meganium|Solar Beam\n|-activate|p2a: Meganium|ability: Mega Sol\n|-anim|p2a: Meganium|Solar Beam|p1a: Primarina\n|-supereffective|p1a: Primarina|1\n|-damage|p1a: Primarina|0 fnt\n|faint|p1a: Primarina\n|\n|upkeep\n|\n|t:|1776817693\n|switch|p1a: Lopunny|Lopunny-Mega, L50, F, shiny|26/100\n|turn|13\n|\n|t:|1776817698\n|move|p1a: Lopunny|Fake Out|p2a: Meganium\n|-damage|p2a: Meganium|31/100\n|cant|p2a: Meganium|flinch\n|\n|upkeep\n|turn|14\n|\n|t:|1776817701\n|move|p1a: Lopunny|Triple Axel|p2a: Meganium\n|-supereffective|p2a: Meganium|1\n|-damage|p2a: Meganium|16/100\n|-supereffective|p2a: Meganium|1\n|-damage|p2a: Meganium|0 fnt\n|faint|p2a: Meganium\n|-hitcount|p2: Meganium|2\n|\n|win|bromerta\n|raw|bromerta's rating: 1193 &rarr; <strong>1214</strong><br />(+21 for winning)\n|raw|Crumtubfan2's rating: 1133 &rarr; <strong>1112</strong><br />(-21 for losing)\n|c|\u2606Crumtubfan2|Gg\n|c|\u2606bromerta|gg\n|l|\u2606Crumtubfan2\n|player|p2|\n|c|\u2606bromerta|I like your team a lot\n", "uploadtime": 1776817720, "views": 15, "formatid": "gen9championsbssregma", "rating": 1112, "private": 0, "password": null}