{"id": "gen9championsbssregma-2593513457", "format": "[Gen 9 Champions] BSS Reg M-A", "players": ["test_poke29", "maro8950"], "log": "|j|\u2606test_poke29\n|j|\u2606maro8950\n|t:|1777090791\n|gametype|singles\n|player|p1|test_poke29|lucas|1456\n|player|p2|maro8950|1|1425\n|gen|9\n|tier|[Gen 9 Champions] BSS Reg M-A\n|rated|\n|rule|Species Clause: Limit one of each Pok\u00e9mon\n|rule|Item Clause: Limit 1 of each item\n|clearpoke\n|poke|p1|Scizor, L50, M|\n|poke|p1|Charizard, L50, F|\n|poke|p1|Mimikyu, L50, F|\n|poke|p1|Archaludon, L50, M|\n|poke|p1|Toucannon, L50, M|\n|poke|p1|Garchomp, L50, M|\n|poke|p2|Mimikyu, L50, M|\n|poke|p2|Lopunny, L50, M|\n|poke|p2|Glimmora, L50, F|\n|poke|p2|Primarina, L50, F, shiny|\n|poke|p2|Excadrill, L50, F|\n|poke|p2|Dragonite, L50, F|\n|teampreview|3\n|inactive|Battle timer is ON: inactive players will automatically lose when time's up. (requested by test_poke29)\n|inactive|maro8950 has 60 seconds left.\n|\n|t:|1777090838\n|teamsize|p1|3\n|teamsize|p2|3\n|start\n|switch|p1a: Archaludon|Archaludon, L50, M|100/100\n|switch|p2a: Dragonite|Dragonite, L50, F|100/100\n|turn|1\n|\n|t:|1777090848\n|detailschange|p2a: Dragonite|Dragonite-Mega, L50, F\n|-mega|p2a: Dragonite|Dragonite|Dragoninite\n|move|p2a: Dragonite|Flamethrower|p1a: Archaludon\n|-damage|p1a: Archaludon|68/100\n|-ability|p1a: Archaludon|Stamina|boost\n|-boost|p1a: Archaludon|def|1\n|move|p1a: Archaludon|Stealth Rock|p2a: Dragonite\n|-sidestart|p2: maro8950|move: Stealth Rock\n|\n|-heal|p1a: Archaludon|74/100|[from] item: Leftovers\n|upkeep\n|turn|2\n|\n|t:|1777090859\n|move|p2a: Dragonite|Flamethrower|p1a: Archaludon\n|-damage|p1a: Archaludon|41/100\n|-ability|p1a: Archaludon|Stamina|boost\n|-boost|p1a: Archaludon|def|1\n|move|p1a: Archaludon|Dragon Tail|p2a: Dragonite\n|-supereffective|p2a: Dragonite|1\n|-damage|p2a: Dragonite|84/100\n|drag|p2a: Excadrill|Excadrill, L50, F|100/100\n|-damage|p2a: Excadrill|98/100|[from] Stealth Rock\n|-ability|p2a: Excadrill|Mold Breaker\n|\n|-heal|p1a: Archaludon|47/100|[from] item: Leftovers\n|upkeep\n|turn|3\n|j| doremy\n|\n|t:|1777090880\n|switch|p2a: Dragonite|Dragonite-Mega, L50, F|84/100\n|-damage|p2a: Dragonite|59/100|[from] Stealth Rock\n|move|p1a: Archaludon|Dragon Tail|p2a: Dragonite\n|-supereffective|p2a: Dragonite|1\n|-damage|p2a: Dragonite|25/100\n|drag|p2a: Primarina|Primarina, L50, F, shiny|100/100\n|-damage|p2a: Primarina|88/100|[from] Stealth Rock\n|\n|-heal|p1a: Archaludon|53/100|[from] item: Leftovers\n|upkeep\n|turn|4\n|\n|t:|1777090894\n|switch|p1a: Scizor|Scizor, L50, M|100/100\n|move|p2a: Primarina|Moonblast|p1a: Scizor\n|-resisted|p1a: Scizor|1\n|-damage|p1a: Scizor|78/100\n|\n|upkeep\n|turn|5\n|\n|t:|1777090904\n|detailschange|p1a: Scizor|Scizor-Mega, L50, M\n|-mega|p1a: Scizor|Scizor|Scizorite\n|move|p1a: Scizor|Swords Dance|p1a: Scizor\n|-boost|p1a: Scizor|atk|2\n|move|p2a: Primarina|Sparkling Aria|p1a: Scizor\n|-damage|p1a: Scizor|41/100\n|\n|upkeep\n|turn|6\n|\n|t:|1777090914\n|switch|p2a: Excadrill|Excadrill, L50, F|98/100\n|-damage|p2a: Excadrill|95/100|[from] Stealth Rock\n|-ability|p2a: Excadrill|Mold Breaker\n|move|p1a: Scizor|Bullet Punch|p2a: Excadrill\n|-resisted|p2a: Excadrill|1\n|-damage|p2a: Excadrill|41/100\n|\n|upkeep\n|turn|7\n|\n|t:|1777090922\n|move|p1a: Scizor|Bullet Punch|p2a: Excadrill\n|-resisted|p2a: Excadrill|1\n|-damage|p2a: Excadrill|0 fnt\n|faint|p2a: Excadrill\n|\n|upkeep\n|-message|maro8950 forfeited.\n|\n|win|test_poke29\n|raw|test_poke29's rating: 1456 &rarr; <strong>1474</strong><br />(+18 for winning)\n|raw|maro8950's rating: 1425 &rarr; <strong>1407</strong><br />(-18 for losing)\n|l|\u2606maro8950\n|player|p2|\n|l|\u2606test_poke29\n|player|p1|\n", "uploadtime": 1777090937, "views": 3, "formatid": "gen9championsbssregma", "rating": 1407, "private": 0, "password": null}