{"id": "gen9championsbssregma-2590834858", "format": "[Gen 9 Champions] BSS Reg M-A", "players": ["Cumdoy", "arcFox"], "log": "|j|\u2606Cumdoy\n|j|\u2606arcFox\n|t:|1776852967\n|gametype|singles\n|player|p1|Cumdoy|101|1140\n|player|p2|arcFox|rosa|1140\n|gen|9\n|tier|[Gen 9 Champions] BSS Reg M-A\n|rated|\n|rule|Species Clause: Limit one of each Pok\u00e9mon\n|rule|Item Clause: Limit 1 of each item\n|clearpoke\n|poke|p1|Araquanid, L50, M|\n|poke|p1|Charizard, L50, M|\n|poke|p1|Diggersby, L50, M|\n|poke|p1|Tyranitar, L50, F|\n|poke|p1|Corviknight, L50, F|\n|poke|p1|Archaludon, L50, M|\n|poke|p2|Arcanine, L50, F|\n|poke|p2|Lucario, L50, F|\n|poke|p2|Aegislash, L50, M|\n|poke|p2|Meowscarada, L50, F|\n|poke|p2|Garchomp, L50, M|\n|poke|p2|Primarina, L50, F|\n|teampreview|3\n|\n|t:|1776853003\n|teamsize|p1|3\n|teamsize|p2|3\n|start\n|switch|p1a: Araquanid|Araquanid, L50, M|100/100\n|switch|p2a: Garchomp|Garchomp, L50, M|100/100\n|turn|1\n|\n|t:|1776853012\n|switch|p2a: Lucario|Lucario, L50, F|100/100\n|move|p1a: Araquanid|Sticky Web|p2a: Lucario\n|-sidestart|p2: arcFox|move: Sticky Web\n|\n|upkeep\n|turn|2\n|\n|t:|1776853024\n|detailschange|p2a: Lucario|Lucario-Mega, L50, F\n|-mega|p2a: Lucario|Lucario|Lucarionite\n|move|p2a: Lucario|Blaze Kick|p1a: Araquanid\n|-damage|p1a: Araquanid|81/100\n|move|p1a: Araquanid|Liquidation|p2a: Lucario\n|-damage|p2a: Lucario|11/100\n|\n|upkeep\n|turn|3\n|\n|t:|1776853043\n|switch|p2a: Primarina|Primarina, L50, F|100/100\n|-activate|p2a: Primarina|move: Sticky Web\n|-unboost|p2a: Primarina|spe|1\n|move|p1a: Araquanid|Liquidation|p2a: Primarina\n|-resisted|p2a: Primarina|1\n|-damage|p2a: Primarina|67/100\n|-unboost|p2a: Primarina|def|1\n|\n|upkeep\n|turn|4\n|\n|t:|1776853058\n|move|p2a: Primarina|Moonblast|p1a: Araquanid\n|-damage|p1a: Araquanid|40/100\n|-enditem|p1a: Araquanid|Sitrus Berry|[eat]\n|-heal|p1a: Araquanid|65/100|[from] item: Sitrus Berry\n|move|p1a: Araquanid|Mirror Coat|p2a: Primarina\n|-damage|p2a: Primarina|0 fnt\n|faint|p2a: Primarina\n|\n|upkeep\n|\n|t:|1776853067\n|switch|p2a: Lucario|Lucario-Mega, L50, F|11/100\n|-activate|p2a: Lucario|move: Sticky Web\n|-unboost|p2a: Lucario|spe|1\n|turn|5\n|\n|t:|1776853074\n|move|p2a: Lucario|Bullet Punch|p1a: Araquanid\n|-resisted|p1a: Araquanid|1\n|-damage|p1a: Araquanid|48/100\n|move|p1a: Araquanid|Liquidation|p2a: Lucario\n|-damage|p2a: Lucario|0 fnt\n|faint|p2a: Lucario\n|\n|upkeep\n|-message|arcFox forfeited.\n|\n|win|Cumdoy\n|raw|Cumdoy's rating: 1140 &rarr; <strong>1165</strong><br />(+25 for winning)\n|raw|arcFox's rating: 1140 &rarr; <strong>1115</strong><br />(-25 for losing)\n|l|\u2606arcFox\n|player|p2|\n", "uploadtime": 1776853087, "views": 17, "formatid": "gen9championsbssregma", "rating": 1115, "private": 0, "password": null}