{"id": "gen9championsbssregma-2590604272", "format": "[Gen 9 Champions] BSS Reg M-A", "players": ["hijanu", "hukahukamaru"], "log": "|j|\u2606hijanu\n|j|\u2606hukahukamaru\n|t:|1776825314\n|gametype|singles\n|player|p1|hijanu|hilbert|1111\n|player|p2|hukahukamaru|265|1156\n|gen|9\n|tier|[Gen 9 Champions] BSS Reg M-A\n|rated|\n|rule|Species Clause: Limit one of each Pok\u00e9mon\n|rule|Item Clause: Limit 1 of each item\n|clearpoke\n|poke|p1|Ceruledge, L50, M, shiny|\n|poke|p1|Rotom-Wash, L50, shiny|\n|poke|p1|Torterra, L50, M, shiny|\n|poke|p1|Archaludon, L50, M|\n|poke|p1|Slowking-Galar, L50, M, shiny|\n|poke|p1|Hydreigon, L50, M|\n|poke|p2|Espathra, L50, F|\n|poke|p2|Quaquaval, L50, F, shiny|\n|poke|p2|Dragonite, L50, M, shiny|\n|poke|p2|Toxapex, L50, F, shiny|\n|poke|p2|Skeledirge, L50, M|\n|poke|p2|Corviknight, L50, M, shiny|\n|teampreview|3\n|\n|t:|1776825344\n|teamsize|p1|3\n|teamsize|p2|3\n|start\n|switch|p1a: Rotom|Rotom-Wash, L50, shiny|100/100\n|switch|p2a: Skeledirge|Skeledirge, L50, M|100/100\n|turn|1\n|\n|t:|1776825362\n|switch|p2a: Toxapex|Toxapex, L50, F, shiny|100/100\n|move|p1a: Rotom|Hydro Pump|p2a: Toxapex|[miss]\n|-miss|p1a: Rotom|p2a: Toxapex\n|\n|upkeep\n|turn|2\n|\n|t:|1776825383\n|switch|p1a: Archaludon|Archaludon, L50, M|100/100\n|move|p2a: Toxapex|Infestation|p1a: Archaludon\n|-resisted|p1a: Archaludon|1\n|-damage|p1a: Archaludon|99/100\n|-activate|p1a: Archaludon|move: Infestation|[of] p2a: Toxapex\n|-ability|p1a: Archaludon|Stamina|boost\n|-boost|p1a: Archaludon|def|1\n|\n|-heal|p1a: Archaludon|100/100|[from] item: Leftovers\n|-damage|p1a: Archaludon|89/100|[from] move: Infestation|[partiallytrapped]\n|upkeep\n|turn|3\n|\n|t:|1776825402\n|switch|p2a: Skeledirge|Skeledirge, L50, M|100/100\n|move|p1a: Archaludon|Dragon Pulse|p2a: Skeledirge\n|-crit|p2a: Skeledirge\n|-damage|p2a: Skeledirge|29/100\n|\n|-heal|p1a: Archaludon|95/100|[from] item: Leftovers\n|-end|p1a: Archaludon|Infestation|[partiallytrapped]|[silent]\n|upkeep\n|turn|4\n|\n|t:|1776825417\n|move|p1a: Archaludon|Protect|p1a: Archaludon\n|-singleturn|p1a: Archaludon|Protect\n|move|p2a: Skeledirge|Slack Off|p2a: Skeledirge\n|-heal|p2a: Skeledirge|79/100\n|\n|-heal|p1a: Archaludon|100/100|[from] item: Leftovers\n|upkeep\n|turn|5\n|\n|t:|1776825433\n|switch|p1a: Hydreigon|Hydreigon, L50, M|100/100\n|move|p2a: Skeledirge|Torch Song|p1a: Hydreigon\n|-resisted|p1a: Hydreigon|1\n|-damage|p1a: Hydreigon|85/100\n|-boost|p2a: Skeledirge|spa|1\n|\n|upkeep\n|turn|6\n|\n|t:|1776825465\n|switch|p2a: Corviknight|Corviknight, L50, M, shiny|100/100\n|-ability|p2a: Corviknight|Pressure\n|move|p1a: Hydreigon|Dark Pulse|p2a: Corviknight\n|-damage|p2a: Corviknight|54/100\n|\n|upkeep\n|turn|7\n|\n|t:|1776825483\n|move|p1a: Hydreigon|Dark Pulse|p2a: Corviknight\n|-damage|p2a: Corviknight|11/100\n|-enditem|p2a: Corviknight|Sitrus Berry|[eat]\n|-heal|p2a: Corviknight|36/100|[from] item: Sitrus Berry\n|move|p2a: Corviknight|Roost|p2a: Corviknight\n|-heal|p2a: Corviknight|86/100\n|-singleturn|p2a: Corviknight|move: Roost\n|\n|upkeep\n|turn|8\n|\n|t:|1776825496\n|move|p1a: Hydreigon|Dark Pulse|p2a: Corviknight\n|-damage|p2a: Corviknight|41/100\n|cant|p2a: Corviknight|flinch\n|\n|upkeep\n|turn|9\n|\n|t:|1776825506\n|move|p1a: Hydreigon|Dark Pulse|p2a: Corviknight\n|-damage|p2a: Corviknight|1/100\n|cant|p2a: Corviknight|flinch\n|\n|upkeep\n|turn|10\n|\n|t:|1776825512\n|move|p1a: Hydreigon|Dark Pulse|p2a: Corviknight\n|-damage|p2a: Corviknight|0 fnt\n|faint|p2a: Corviknight\n|\n|upkeep\n|\n|t:|1776825515\n|switch|p2a: Toxapex|Toxapex, L50, F, shiny|100/100\n|turn|11\n|\n|t:|1776825521\n|switch|p1a: Rotom|Rotom-Wash, L50, shiny|100/100\n|switch|p2a: Skeledirge|Skeledirge, L50, M|79/100\n|\n|upkeep\n|turn|12\n|\n|t:|1776825536\n|move|p1a: Rotom|Hydro Pump|p2a: Skeledirge\n|-supereffective|p2a: Skeledirge|1\n|-damage|p2a: Skeledirge|0 fnt\n|faint|p2a: Skeledirge\n|\n|upkeep\n|-message|hukahukamaru forfeited.\n|\n|win|hijanu\n|raw|hijanu's rating: 1111 &rarr; <strong>1139</strong><br />(+28 for winning)\n|raw|hukahukamaru's rating: 1156 &rarr; <strong>1128</strong><br />(-28 for losing)\n|l|\u2606hukahukamaru\n|player|p2|\n", "uploadtime": 1776825548, "views": 3, "formatid": "gen9championsbssregma", "rating": 1128, "private": 0, "password": null}