{"id": "gen9championsbssregma-2590585122", "format": "[Gen 9 Champions] BSS Reg M-A", "players": ["hijanu", "jajaja1234"], "log": "|j|\u2606hijanu\n|j|\u2606jajaja1234\n|t:|1776823487\n|gametype|singles\n|player|p1|hijanu|hilbert|1115\n|player|p2|jajaja1234|brycenman|1174\n|gen|9\n|tier|[Gen 9 Champions] BSS Reg M-A\n|rated|\n|rule|Species Clause: Limit one of each Pok\u00e9mon\n|rule|Item Clause: Limit 1 of each item\n|clearpoke\n|poke|p1|Ceruledge, L50, F, shiny|\n|poke|p1|Rotom-Wash, L50, shiny|\n|poke|p1|Torterra, L50, M, shiny|\n|poke|p1|Archaludon, L50, M|\n|poke|p1|Slowking-Galar, L50, F, shiny|\n|poke|p1|Hydreigon, L50, F|\n|poke|p2|Charizard, L50, M|\n|poke|p2|Glimmora, L50, M|\n|poke|p2|Whimsicott, L50, F|\n|poke|p2|Mamoswine, L50, M|\n|poke|p2|Espathra, L50, M|\n|poke|p2|Gyarados, L50, F|\n|teampreview|3\n|\n|t:|1776823513\n|teamsize|p1|3\n|teamsize|p2|3\n|start\n|switch|p1a: Slowking|Slowking-Galar, L50, F, shiny|100/100\n|switch|p2a: Mamoswine|Mamoswine, L50, M|100/100\n|turn|1\n|\n|t:|1776823522\n|switch|p1a: Rotom|Rotom-Wash, L50, shiny|100/100\n|move|p2a: Mamoswine|Earthquake|p1a: Rotom\n|-immune|p1a: Rotom|[from] ability: Levitate\n|\n|upkeep\n|turn|2\n|\n|t:|1776823530\n|switch|p2a: Espathra|Espathra, L50, M|100/100\n|move|p1a: Rotom|Hydro Pump|p2a: Espathra\n|-damage|p2a: Espathra|30/100\n|-enditem|p2a: Espathra|Sitrus Berry|[eat]\n|-heal|p2a: Espathra|55/100|[from] item: Sitrus Berry\n|\n|upkeep\n|turn|3\n|\n|t:|1776823542\n|switch|p1a: Hydreigon|Hydreigon, L50, F|100/100\n|move|p2a: Espathra|Protect||[still]\n|-fail|p2a: Espathra\n|\n|-ability|p2a: Espathra|Speed Boost|boost\n|-boost|p2a: Espathra|spe|1\n|upkeep\n|turn|4\n|\n|t:|1776823558\n|move|p1a: Hydreigon|Dark Pulse|p2a: Espathra\n|-supereffective|p2a: Espathra|1\n|-damage|p2a: Espathra|0 fnt\n|faint|p2a: Espathra\n|\n|upkeep\n|\n|t:|1776823575\n|switch|p2a: Mamoswine|Mamoswine, L50, M|100/100\n|turn|5\n|\n|t:|1776823586\n|switch|p1a: Rotom|Rotom-Wash, L50, shiny|100/100\n|move|p2a: Mamoswine|Rock Slide|p1a: Rotom\n|-damage|p1a: Rotom|71/100\n|\n|upkeep\n|turn|6\n|\n|t:|1776823594\n|move|p2a: Mamoswine|Rock Slide|p1a: Rotom\n|-damage|p1a: Rotom|42/100\n|-enditem|p1a: Rotom|Sitrus Berry|[eat]\n|-heal|p1a: Rotom|67/100|[from] item: Sitrus Berry\n|move|p1a: Rotom|Hydro Pump|p2a: Mamoswine\n|-supereffective|p2a: Mamoswine|1\n|-damage|p2a: Mamoswine|0 fnt\n|faint|p2a: Mamoswine\n|\n|upkeep\n|\n|t:|1776823604\n|switch|p2a: Charizard|Charizard, L50, M|100/100\n|turn|7\n|\n|t:|1776823618\n|detailschange|p2a: Charizard|Charizard-Mega-Y, L50, M\n|-mega|p2a: Charizard|Charizard|Charizardite Y\n|-weather|SunnyDay|[from] ability: Drought|[of] p2a: Charizard\n|move|p2a: Charizard|Dragon Pulse|p1a: Rotom\n|-damage|p1a: Rotom|32/100\n|move|p1a: Rotom|Thunder|p2a: Charizard|[miss]\n|-miss|p1a: Rotom|p2a: Charizard\n|\n|-weather|SunnyDay|[upkeep]\n|upkeep\n|turn|8\n|\n|t:|1776823634\n|move|p2a: Charizard|Solar Beam||[still]\n|-prepare|p2a: Charizard|Solar Beam\n|-anim|p2a: Charizard|Solar Beam|p1a: Rotom\n|-supereffective|p1a: Rotom|1\n|-damage|p1a: Rotom|0 fnt\n|faint|p1a: Rotom\n|\n|-weather|SunnyDay|[upkeep]\n|upkeep\n|\n|t:|1776823642\n|switch|p1a: Slowking|Slowking-Galar, L50, F, shiny|100/100\n|turn|9\n|\n|t:|1776823650\n|move|p2a: Charizard|Flamethrower|p1a: Slowking\n|-damage|p1a: Slowking|36/100\n|move|p1a: Slowking|Yawn|p2a: Charizard\n|-start|p2a: Charizard|move: Yawn|[of] p1a: Slowking\n|\n|-weather|SunnyDay|[upkeep]\n|upkeep\n|turn|10\n|\n|t:|1776823661\n|move|p2a: Charizard|Dragon Pulse|p1a: Slowking\n|-damage|p1a: Slowking|6/100\n|move|p1a: Slowking|Sludge Wave|p2a: Charizard\n|-damage|p2a: Charizard|53/100\n|\n|-weather|SunnyDay|[upkeep]\n|-end|p2a: Charizard|move: Yawn|[silent]\n|-status|p2a: Charizard|slp\n|upkeep\n|turn|11\n|-message|jajaja1234 forfeited.\n|\n|win|hijanu\n|raw|hijanu's rating: 1115 &rarr; <strong>1144</strong><br />(+29 for winning)\n|raw|jajaja1234's rating: 1174 &rarr; <strong>1145</strong><br />(-29 for losing)\n|l|\u2606jajaja1234\n|player|p2|\n", "uploadtime": 1776823680, "views": 4, "formatid": "gen9championsbssregma", "rating": 1144, "private": 0, "password": null}