{"id": "gen9championsbssregma-2592299216", "format": "[Gen 9 Champions] BSS Reg M-A", "players": ["detypeac1er", "SpankDaddyRecords"], "log": "|j|\u2606detypeac1er\n|j|\u2606SpankDaddyRecords\n|t:|1776976937\n|gametype|singles\n|player|p1|detypeac1er|101|1158\n|player|p2|SpankDaddyRecords|265|1185\n|gen|9\n|tier|[Gen 9 Champions] BSS Reg M-A\n|rated|\n|rule|Species Clause: Limit one of each Pok\u00e9mon\n|rule|Item Clause: Limit 1 of each item\n|clearpoke\n|poke|p1|Dragonite, L50, M|\n|poke|p1|Weavile, L50, F|\n|poke|p1|Scizor, L50, F|\n|poke|p1|Victreebel, L50, F|\n|poke|p1|Chandelure, L50, M|\n|poke|p1|Kommo-o, L50, F|\n|poke|p2|Delphox, L50, M|\n|poke|p2|Tyranitar, L50, F|\n|poke|p2|Clefable, L50, F|\n|poke|p2|Rotom-Wash, L50|\n|poke|p2|Corviknight, L50, M|\n|poke|p2|Umbreon, L50, F|\n|teampreview|3\n|\n|t:|1776976970\n|teamsize|p1|3\n|teamsize|p2|3\n|start\n|switch|p1a: Weavile|Weavile, L50, F|100/100\n|switch|p2a: Janky|Tyranitar, L50, F|100/100\n|-ability|p1a: Weavile|Pressure\n|-weather|Sandstorm|[from] ability: Sand Stream|[of] p2a: Janky\n|turn|1\n|\n|t:|1776976983\n|move|p1a: Weavile|Low Kick|p2a: Janky\n|-supereffective|p2a: Janky|2\n|-enditem|p2a: Janky|Chople Berry|[eat]\n|-enditem|p2a: Janky|Chople Berry|[weaken]\n|-damage|p2a: Janky|49/100\n|move|p2a: Janky|Stealth Rock|p1a: Weavile\n|-sidestart|p1: detypeac1er|move: Stealth Rock\n|\n|-weather|Sandstorm|[upkeep]\n|-damage|p1a: Weavile|94/100|[from] Sandstorm\n|upkeep\n|turn|2\n|\n|t:|1776976989\n|move|p1a: Weavile|Low Kick|p2a: Janky\n|-supereffective|p2a: Janky|2\n|-damage|p2a: Janky|0 fnt\n|faint|p2a: Janky\n|\n|-weather|Sandstorm|[upkeep]\n|-damage|p1a: Weavile|88/100|[from] Sandstorm\n|upkeep\n|\n|t:|1776976991\n|switch|p2a: MegTheeStallion|Clefable, L50, F|100/100\n|turn|3\n|\n|t:|1776976994\n|move|p1a: Weavile|Knock Off|p2a: MegTheeStallion\n|-resisted|p2a: MegTheeStallion|1\n|-damage|p2a: MegTheeStallion|89/100\n|move|p2a: MegTheeStallion|Calm Mind|p2a: MegTheeStallion\n|-boost|p2a: MegTheeStallion|spa|1\n|-boost|p2a: MegTheeStallion|spd|1\n|\n|-weather|Sandstorm|[upkeep]\n|-damage|p1a: Weavile|82/100|[from] Sandstorm\n|-damage|p2a: MegTheeStallion|83/100|[from] Sandstorm\n|upkeep\n|turn|4\n|inactive|Battle timer is ON: inactive players will automatically lose when time's up. (requested by SpankDaddyRecords)\n|\n|t:|1776977006\n|switch|p1a: Victreebel|Victreebel, L50, F|100/100\n|-damage|p1a: Victreebel|88/100|[from] Stealth Rock\n|move|p2a: MegTheeStallion|Moonblast|p1a: Victreebel\n|-resisted|p1a: Victreebel|1\n|-damage|p1a: Victreebel|61/100\n|\n|-weather|Sandstorm|[upkeep]\n|-damage|p1a: Victreebel|55/100|[from] Sandstorm\n|-damage|p2a: MegTheeStallion|77/100|[from] Sandstorm\n|upkeep\n|turn|5\n|\n|t:|1776977017\n|detailschange|p1a: Victreebel|Victreebel-Mega, L50, F\n|-mega|p1a: Victreebel|Victreebel|Victreebelite\n|move|p1a: Victreebel|Sludge Bomb|p2a: MegTheeStallion\n|-supereffective|p2a: MegTheeStallion|1\n|-damage|p2a: MegTheeStallion|6/100\n|-status|p2a: MegTheeStallion|psn\n|move|p2a: MegTheeStallion|Flamethrower|p1a: Victreebel\n|-supereffective|p1a: Victreebel|1\n|-damage|p1a: Victreebel|0 fnt\n|-damage|p2a: MegTheeStallion|0 fnt|[from] ability: Innards Out|[of] p1a: Victreebel\n|faint|p1a: Victreebel\n|faint|p2a: MegTheeStallion\n|\n|-weather|none\n|upkeep\n|c|\u2606SpankDaddyRecords|Cool glitch\n|c|\u2606detypeac1er|?\n|inactive|SpankDaddyRecords has 30 seconds left.\n|c|\u2606SpankDaddyRecords|but id have to be missing health at the beginning of the turn for that to work\n|c|\u2606detypeac1er|what\n|c|\u2606SpankDaddyRecords|full health so I only lose 55\n|inactive|SpankDaddyRecords has 20 seconds left.\n|\n|t:|1776977052\n|switch|p1a: Weavile|Weavile, L50, F|82/100\n|switch|p2a: Umbreon|Umbreon, L50, F|100/100\n|-damage|p1a: Weavile|58/100|[from] Stealth Rock\n|-ability|p1a: Weavile|Pressure\n|turn|6\n|c|\u2606detypeac1er|what are you talking about\n|\n|t:|1776977060\n|move|p1a: Weavile|Swords Dance|p1a: Weavile\n|-boost|p1a: Weavile|atk|2\n|move|p2a: Umbreon|Wish|p2a: Umbreon\n|\n|upkeep\n|turn|7\n|\n|t:|1776977064\n|move|p1a: Weavile|Low Kick|p2a: Umbreon\n|-supereffective|p2a: Umbreon|1\n|-damage|p2a: Umbreon|51/100\n|move|p2a: Umbreon|Foul Play|p1a: Weavile\n|-resisted|p1a: Weavile|1\n|-damage|p1a: Weavile|0 fnt\n|faint|p1a: Weavile\n|\n|-heal|p2a: Umbreon|100/100|[from] move: Wish|[wisher] Umbreon\n|upkeep\n|\n|t:|1776977070\n|switch|p1a: Kommo-o|Kommo-o, L50, F|100/100\n|-damage|p1a: Kommo-o|94/100|[from] Stealth Rock\n|turn|8\n|\n|t:|1776977074\n|move|p1a: Kommo-o|Drain Punch|p2a: Umbreon\n|-supereffective|p2a: Umbreon|1\n|-damage|p2a: Umbreon|64/100\n|-heal|p1a: Kommo-o|100/100|[from] drain|[of] p2a: Umbreon\n|move|p2a: Umbreon|Alluring Voice|p1a: Kommo-o\n|-immune|p1a: Kommo-o|[from] ability: Soundproof\n|\n|upkeep\n|turn|9\n|\n|t:|1776977078\n|move|p1a: Kommo-o|Clangorous Soul|p1a: Kommo-o\n|-boost|p1a: Kommo-o|atk|1\n|-boost|p1a: Kommo-o|def|1\n|-boost|p1a: Kommo-o|spa|1\n|-boost|p1a: Kommo-o|spd|1\n|-boost|p1a: Kommo-o|spe|1\n|-damage|p1a: Kommo-o|68/100\n|move|p2a: Umbreon|Wish|p2a: Umbreon\n|\n|-heal|p1a: Kommo-o|74/100|[from] item: Leftovers\n|upkeep\n|turn|10\n|\n|t:|1776977082\n|move|p1a: Kommo-o|Drain Punch|p2a: Umbreon\n|-supereffective|p2a: Umbreon|1\n|-damage|p2a: Umbreon|0 fnt\n|-heal|p1a: Kommo-o|100/100|[from] drain|[of] p2a: Umbreon\n|faint|p2a: Umbreon\n|\n|win|detypeac1er\n|raw|detypeac1er's rating: 1158 &rarr; <strong>1185</strong><br />(+27 for winning)\n|raw|SpankDaddyRecords's rating: 1185 &rarr; <strong>1158</strong><br />(-27 for losing)\n|c|\u2606SpankDaddyRecords|Glitch\n|c|\u2606SpankDaddyRecords|4x\n|c|\u2606detypeac1er|explain\n|c|\u2606SpankDaddyRecords|deaaaaaad\n|c|\u2606SpankDaddyRecords|1 clef was at full health when it killed the tree\n|c|\u2606SpankDaddyRecords|2\n|c|\u2606SpankDaddyRecords|4x fairy\n|c|\u2606SpankDaddyRecords|deaaaad\n|c|\u2606detypeac1er|it wasn't?\n|c|\u2606detypeac1er|you got sludge bombed before you killed me lad\n|c|\u2606SpankDaddyRecords|It was, full health to start that turn\n|c|\u2606detypeac1er|yes and you got sludge bombed\n|c|\u2606SpankDaddyRecords|Showdown just hasn\u2019t got the ability correct yet it seems\n|c|\u2606detypeac1er|clef was almost dead when it killed victreebel\n|c|\u2606detypeac1er|no you're just stupid\n|c|\u2606detypeac1er|and alluring voice did nothing because of soundproof\n|c|\u2606detypeac1er|read what abilities do\n|c|\u2606detypeac1er|there was no glitch whatsoever\n", "uploadtime": 1776977252, "views": 3, "formatid": "gen9championsbssregma", "rating": 1158, "private": 0, "password": null}