{"id": "gen9championsbssregma-2594931377", "format": "[Gen 9 Champions] BSS Reg M-A", "players": ["nrgkrg", "SimonFeng"], "log": "|j|\u2606nrgkrg\n|j|\u2606SimonFeng\n|t:|1777246234\n|gametype|singles\n|player|p1|nrgkrg|169|1321\n|player|p2|SimonFeng|266|1238\n|gen|9\n|tier|[Gen 9 Champions] BSS Reg M-A\n|rated|\n|rule|Species Clause: Limit one of each Pok\u00e9mon\n|rule|Item Clause: Limit 1 of each item\n|clearpoke\n|poke|p1|Gengar, L50, F|\n|poke|p1|Lopunny, L50, M|\n|poke|p1|Garchomp, L50, F|\n|poke|p1|Corviknight, L50, F|\n|poke|p1|Primarina, L50, F|\n|poke|p1|Aegislash, L50, F|\n|poke|p2|Hippowdon, L50, F|\n|poke|p2|Mimikyu, L50, F|\n|poke|p2|Charizard, L50, M|\n|poke|p2|Garchomp, L50, F|\n|poke|p2|Scizor, L50, F|\n|poke|p2|Basculegion, L50, M|\n|teampreview|3\n|\n|t:|1777246272\n|teamsize|p1|3\n|teamsize|p2|3\n|start\n|switch|p1a: Lopunny|Lopunny, L50, M|100/100\n|switch|p2a: Scizor|Scizor, L50, F|100/100\n|turn|1\n|\n|t:|1777246287\n|detailschange|p1a: Lopunny|Lopunny-Mega, L50, M\n|-mega|p1a: Lopunny|Lopunny|Lopunnite\n|detailschange|p2a: Scizor|Scizor-Mega, L50, F\n|-mega|p2a: Scizor|Scizor|Scizorite\n|move|p1a: Lopunny|Fake Out|p2a: Scizor\n|-resisted|p2a: Scizor|1\n|-damage|p2a: Scizor|91/100\n|cant|p2a: Scizor|flinch\n|\n|upkeep\n|turn|2\n|\n|t:|1777246294\n|move|p1a: Lopunny|U-turn|p2a: Scizor\n|-resisted|p2a: Scizor|1\n|-damage|p2a: Scizor|81/100\n|\n|t:|1777246296\n|switch|p1a: Corviknight|Corviknight, L50, F|100/100|[from] U-turn\n|-ability|p1a: Corviknight|Pressure\n|move|p2a: Scizor|Close Combat|p1a: Corviknight\n|-damage|p1a: Corviknight|67/100\n|-unboost|p2a: Scizor|def|1\n|-unboost|p2a: Scizor|spd|1\n|\n|-heal|p1a: Corviknight|73/100|[from] item: Leftovers\n|upkeep\n|turn|3\n|\n|t:|1777246307\n|switch|p2a: Basculegion|Basculegion, L50, M|100/100\n|move|p1a: Corviknight|U-turn|p2a: Basculegion\n|-resisted|p2a: Basculegion|1\n|-damage|p2a: Basculegion|90/100\n|\n|t:|1777246313\n|switch|p1a: Garchomp|Garchomp, L50, F|100/100|[from] U-turn\n|\n|upkeep\n|turn|4\n|\n|t:|1777246328\n|move|p1a: Garchomp|Earthquake|p2a: Basculegion\n|-damage|p2a: Basculegion|21/100\n|move|p2a: Basculegion|Flip Turn|p1a: Garchomp\n|-damage|p1a: Garchomp|59/100\n|-damage|p2a: Basculegion|9/100|[from] ability: Rough Skin|[of] p1a: Garchomp\n|\n|t:|1777246334\n|switch|p2a: Mimikyu|Mimikyu, L50, F|100/100|[from] Flip Turn\n|\n|upkeep\n|turn|5\n|\n|t:|1777246345\n|switch|p1a: Corviknight|Corviknight, L50, F|73/100\n|-ability|p1a: Corviknight|Pressure\n|move|p2a: Mimikyu|Swords Dance|p2a: Mimikyu\n|-boost|p2a: Mimikyu|atk|2\n|\n|-heal|p1a: Corviknight|79/100|[from] item: Leftovers\n|upkeep\n|turn|6\n|\n|t:|1777246356\n|move|p2a: Mimikyu|Shadow Claw|p1a: Corviknight\n|-crit|p1a: Corviknight\n|-damage|p1a: Corviknight|24/100\n|move|p1a: Corviknight|U-turn|p2a: Mimikyu\n|-activate|p2a: Mimikyu|ability: Disguise\n|-damage|p2a: Mimikyu|100/100\n|detailschange|p2a: Mimikyu|Mimikyu-Busted, L50, F\n|-damage|p2a: Mimikyu|87/100|[from] pokemon: Mimikyu-Busted\n|\n|t:|1777246358\n|switch|p1a: Lopunny|Lopunny-Mega, L50, M|100/100|[from] U-turn\n|\n|upkeep\n|turn|7\n|\n|t:|1777246364\n|move|p1a: Lopunny|Fake Out|p2a: Mimikyu\n|-damage|p2a: Mimikyu|55/100\n|cant|p2a: Mimikyu|flinch\n|\n|upkeep\n|turn|8\n|\n|t:|1777246382\n|move|p1a: Lopunny|Triple Axel|p2a: Mimikyu\n|-damage|p2a: Mimikyu|42/100\n|-damage|p2a: Mimikyu|18/100\n|-damage|p2a: Mimikyu|0 fnt\n|faint|p2a: Mimikyu\n|-hitcount|p2: Mimikyu|3\n|\n|upkeep\n|\n|t:|1777246387\n|switch|p2a: Scizor|Scizor-Mega, L50, F|81/100\n|turn|9\n|\n|t:|1777246395\n|move|p1a: Lopunny|Close Combat|p2a: Scizor\n|-damage|p2a: Scizor|35/100\n|-unboost|p1a: Lopunny|def|1\n|-unboost|p1a: Lopunny|spd|1\n|move|p2a: Scizor|Swords Dance|p2a: Scizor\n|-boost|p2a: Scizor|atk|2\n|\n|upkeep\n|turn|10\n|\n|t:|1777246403\n|move|p2a: Scizor|Bullet Punch|p1a: Lopunny\n|-damage|p1a: Lopunny|0 fnt\n|faint|p1a: Lopunny\n|\n|upkeep\n|\n|t:|1777246407\n|switch|p1a: Garchomp|Garchomp, L50, F|59/100\n|turn|11\n|\n|t:|1777246411\n|move|p2a: Scizor|Bullet Punch|p1a: Garchomp\n|-damage|p1a: Garchomp|0 fnt\n|-damage|p2a: Scizor|22/100|[from] ability: Rough Skin|[of] p1a: Garchomp\n|faint|p1a: Garchomp\n|\n|upkeep\n|-message|nrgkrg forfeited.\n|\n|win|SimonFeng\n|raw|nrgkrg's rating: 1321 &rarr; <strong>1296</strong><br />(-25 for losing)\n|raw|SimonFeng's rating: 1238 &rarr; <strong>1269</strong><br />(+31 for winning)\n|l|\u2606nrgkrg\n|player|p1|\n", "uploadtime": 1777246421, "views": 4, "formatid": "gen9championsbssregma", "rating": 1269, "private": 0, "password": null}