{"id": "gen9championsbssregma-2584043258", "format": "[Gen 9 Champions] BSS Reg M-A", "players": ["Cp mokoo", "mia corvere"], "log": "|j|\u203dCp mokoo\n|j|\u2606mia corvere\n|t:|1776219540\n|gametype|singles\n|player|p1|Cp mokoo|101|1421\n|player|p2|mia corvere|170|1369\n|gen|9\n|tier|[Gen 9 Champions] BSS Reg M-A\n|rated|\n|rule|Species Clause: Limit one of each Pok\u00e9mon\n|rule|Item Clause: Limit 1 of each item\n|clearpoke\n|poke|p1|Starmie, L50|\n|poke|p1|Heracross, L50, M|\n|poke|p1|Corviknight, L50, F|\n|poke|p1|Floette-Eternal, L50, F|\n|poke|p1|Rotom-Heat, L50|\n|poke|p1|Diggersby, L50, F|\n|poke|p2|Aegislash, L50, M|\n|poke|p2|Gengar, L50, M|\n|poke|p2|Starmie, L50|\n|poke|p2|Ditto, L50|\n|poke|p2|Volcarona, L50, M|\n|poke|p2|Rotom-Wash, L50|\n|teampreview|3\n|inactive|Battle timer is ON: inactive players will automatically lose when time's up. (requested by Cp mokoo)\n|inactive|Cp mokoo has 60 seconds left.\n|inactive|Cp mokoo has 30 seconds left.\n|inactive|Cp mokoo has 20 seconds left.\n|inactive|Cp mokoo has 15 seconds left.\n|inactive|Cp mokoo has 10 seconds left.\n|\n|t:|1776219625\n|teamsize|p1|3\n|teamsize|p2|3\n|start\n|switch|p1a: Rotom|Rotom-Heat, L50|100/100\n|switch|p2a: Rotom|Rotom-Wash, L50|100/100\n|turn|1\n|\n|t:|1776219633\n|move|p1a: Rotom|Volt Switch|p2a: Rotom\n|-damage|p2a: Rotom|70/100\n|\n|t:|1776219640\n|switch|p1a: Floette|Floette-Eternal, L50, F|100/100|[from] Volt Switch\n|move|p2a: Rotom|Will-O-Wisp|p1a: Floette\n|-status|p1a: Floette|brn\n|\n|-damage|p1a: Floette|94/100 brn|[from] brn\n|upkeep\n|turn|2\n|\n|t:|1776219652\n|switch|p2a: Volcarona|Volcarona, L50, M|100/100\n|move|p1a: Floette|Light of Ruin|p2a: Volcarona\n|-resisted|p2a: Volcarona|1\n|-damage|p2a: Volcarona|59/100\n|-damage|p1a: Floette|72/100 brn|[from] Recoil\n|\n|-damage|p1a: Floette|66/100 brn|[from] brn\n|upkeep\n|turn|3\n|\n|t:|1776219664\n|switch|p1a: Starmie|Starmie, L50|100/100\n|move|p2a: Volcarona|Quiver Dance|p2a: Volcarona\n|-boost|p2a: Volcarona|spa|1\n|-boost|p2a: Volcarona|spd|1\n|-boost|p2a: Volcarona|spe|1\n|\n|upkeep\n|turn|4\n|\n|t:|1776219672\n|detailschange|p1a: Starmie|Starmie-Mega, L50\n|-mega|p1a: Starmie|Starmie|Starminite\n|move|p1a: Starmie|Aqua Jet|p2a: Volcarona\n|-supereffective|p2a: Volcarona|1\n|-enditem|p2a: Volcarona|Passho Berry|[eat]\n|-enditem|p2a: Volcarona|Passho Berry|[weaken]\n|-damage|p2a: Volcarona|0 fnt\n|faint|p2a: Volcarona\n|\n|upkeep\n|\n|t:|1776219678\n|switch|p2a: Gengar|Gengar, L50, M|100/100\n|turn|5\n|inactive|Cp mokoo has 30 seconds left.\n|inactive|Cp mokoo has 20 seconds left.\n|\n|t:|1776219715\n|detailschange|p2a: Gengar|Gengar-Mega, L50, M\n|-mega|p2a: Gengar|Gengar|Gengarite\n|move|p1a: Starmie|Aqua Jet|p2a: Gengar\n|-damage|p2a: Gengar|36/100\n|move|p2a: Gengar|Shadow Ball|p1a: Starmie\n|-supereffective|p1a: Starmie|1\n|-damage|p1a: Starmie|0 fnt\n|faint|p1a: Starmie\n|\n|upkeep\n|j| p74\n|\n|t:|1776219727\n|switch|p1a: Floette|Floette-Eternal, L50, F|66/100 brn\n|turn|6\n|\n|t:|1776219732\n|move|p1a: Floette|Light of Ruin|p2a: Gengar\n|-resisted|p2a: Gengar|1\n|-damage|p2a: Gengar|0 fnt\n|faint|p2a: Gengar\n|-damage|p1a: Floette|49/100 brn|[from] Recoil\n|\n|-damage|p1a: Floette|43/100 brn|[from] brn\n|upkeep\n|-message|mia corvere forfeited.\n|\n|win|Cp mokoo\n|raw|Cp mokoo's rating: 1421 &rarr; <strong>1438</strong><br />(+17 for winning)\n|raw|mia corvere's rating: 1369 &rarr; <strong>1352</strong><br />(-17 for losing)\n|l|\u2606mia corvere\n|player|p2|\n|l|\u203dCp mokoo\n|player|p1|\n", "uploadtime": 1776219762, "views": 8, "formatid": "gen9championsbssregma", "rating": 1352, "private": 0, "password": null}