{"id": "gen9championsbssregma-2592460407", "format": "[Gen 9 Champions] BSS Reg M-A", "players": ["Gshs5", "groundskin"], "log": "|j|\u2606Gshs5\n|j|\u2606groundskin\n|t:|1776991687\n|gametype|singles\n|player|p1|Gshs5|170|1291\n|player|p2|groundskin|101|1361\n|gen|9\n|tier|[Gen 9 Champions] BSS Reg M-A\n|rated|\n|rule|Species Clause: Limit one of each Pok\u00e9mon\n|rule|Item Clause: Limit 1 of each item\n|clearpoke\n|poke|p1|Garchomp, L50, M|\n|poke|p1|Gyarados, L50, F|\n|poke|p1|Absol, L50, M|\n|poke|p1|Aegislash, L50, F|\n|poke|p1|Pinsir, L50, M|\n|poke|p1|Serperior, L50, F|\n|poke|p2|Espathra, L50, F|\n|poke|p2|Floette-Eternal, L50, F|\n|poke|p2|Gyarados, L50, F|\n|poke|p2|Volcarona, L50, M|\n|poke|p2|Basculegion, L50, M|\n|poke|p2|Ninetales-Alola, L50, F, shiny|\n|teampreview|3\n|inactive|Battle timer is ON: inactive players will automatically lose when time's up. (requested by groundskin)\n|\n|t:|1776991720\n|teamsize|p1|3\n|teamsize|p2|3\n|start\n|switch|p1a: Aegislash|Aegislash, L50, F|100/100\n|switch|p2a: Espathra|Espathra, L50, F|100/100\n|turn|1\n|\n|t:|1776991723\n|move|p2a: Espathra|Substitute|p2a: Espathra\n|-start|p2a: Espathra|Substitute\n|-damage|p2a: Espathra|76/100\n|-formechange|p1a: Aegislash|Aegislash-Blade|\n|move|p1a: Aegislash|Shadow Ball|p2a: Espathra\n|-supereffective|p2a: Espathra|1\n|-end|p2a: Espathra|Substitute\n|\n|-heal|p2a: Espathra|82/100|[from] item: Leftovers\n|-ability|p2a: Espathra|Speed Boost|boost\n|-boost|p2a: Espathra|spe|1\n|upkeep\n|turn|2\n|\n|t:|1776991730\n|move|p1a: Aegislash|Shadow Sneak|p2a: Espathra\n|-supereffective|p2a: Espathra|1\n|-damage|p2a: Espathra|26/100\n|move|p2a: Espathra|Baton Pass|p2a: Espathra\n|\n|t:|1776991733\n|switch|p2a: Volcarona|Volcarona, L50, M|100/100|[from] Baton Pass\n|\n|upkeep\n|turn|3\n|\n|t:|1776991737\n|move|p2a: Volcarona|Quiver Dance|p2a: Volcarona\n|-boost|p2a: Volcarona|spa|1\n|-boost|p2a: Volcarona|spd|1\n|-boost|p2a: Volcarona|spe|1\n|move|p1a: Aegislash|Shadow Ball|p2a: Volcarona\n|-damage|p2a: Volcarona|71/100\n|-unboost|p2a: Volcarona|spd|1\n|\n|upkeep\n|turn|4\n|\n|t:|1776991748\n|move|p2a: Volcarona|Quiver Dance|p2a: Volcarona\n|-boost|p2a: Volcarona|spa|1\n|-boost|p2a: Volcarona|spd|1\n|-boost|p2a: Volcarona|spe|1\n|move|p1a: Aegislash|Shadow Ball|p2a: Volcarona\n|-damage|p2a: Volcarona|44/100\n|-enditem|p2a: Volcarona|Sitrus Berry|[eat]\n|-heal|p2a: Volcarona|69/100|[from] item: Sitrus Berry\n|\n|upkeep\n|turn|5\n|\n|t:|1776991753\n|move|p1a: Aegislash|Shadow Sneak|p2a: Volcarona\n|-damage|p2a: Volcarona|51/100\n|move|p2a: Volcarona|Fiery Dance|p1a: Aegislash\n|-supereffective|p1a: Aegislash|1\n|-damage|p1a: Aegislash|0 fnt\n|-boost|p2a: Volcarona|spa|1\n|faint|p1a: Aegislash\n|\n|upkeep\n|\n|t:|1776991757\n|switch|p1a: Pinsir|Pinsir, L50, M|100/100\n|turn|6\n|\n|t:|1776991766\n|detailschange|p1a: Pinsir|Pinsir-Mega, L50, M\n|-mega|p1a: Pinsir|Pinsir|Pinsirite\n|move|p1a: Pinsir|Quick Attack|p2a: Volcarona\n|-supereffective|p2a: Volcarona|1\n|-damage|p2a: Volcarona|0 fnt\n|faint|p2a: Volcarona\n|\n|upkeep\n|\n|t:|1776991772\n|switch|p2a: Espathra|Espathra, L50, F|26/100\n|turn|7\n|\n|t:|1776991777\n|move|p1a: Pinsir|Quick Attack|p2a: Espathra\n|-damage|p2a: Espathra|0 fnt\n|faint|p2a: Espathra\n|\n|upkeep\n|\n|t:|1776991779\n|switch|p2a: Floette|Floette-Eternal, L50, F|100/100\n|turn|8\n|\n|t:|1776991786\n|detailschange|p2a: Floette|Floette-Mega, L50, F\n|-mega|p2a: Floette|Floette|Floettite\n|-ability|p2a: Floette|Fairy Aura\n|move|p1a: Pinsir|Thrash|p2a: Floette\n|-damage|p2a: Floette|0 fnt\n|faint|p2a: Floette\n|\n|win|Gshs5\n|raw|Gshs5's rating: 1291 &rarr; <strong>1321</strong><br />(+30 for winning)\n|raw|groundskin's rating: 1361 &rarr; <strong>1337</strong><br />(-24 for losing)\n|l|\u2606groundskin\n|player|p2|\n", "uploadtime": 1776991793, "views": 2, "formatid": "gen9championsbssregma", "rating": 1321, "private": 0, "password": null}