{"id": "gen9championsbssregma-2589948161", "format": "[Gen 9 Champions] BSS Reg M-A", "players": ["cappororo", "I am Gojo Satoru"], "log": "|j|\u2606cappororo\n|j|\u2606I am Gojo Satoru\n|t:|1776776500\n|gametype|singles\n|player|p1|cappororo|101|1207\n|player|p2|I am Gojo Satoru|2|1119\n|gen|9\n|tier|[Gen 9 Champions] BSS Reg M-A\n|rated|\n|rule|Species Clause: Limit one of each Pok\u00e9mon\n|rule|Item Clause: Limit 1 of each item\n|clearpoke\n|poke|p1|Lopunny, L50, F, shiny|\n|poke|p1|Garchomp, L50, M, shiny|\n|poke|p1|Corviknight, L50, M, shiny|\n|poke|p1|Delphox, L50, F, shiny|\n|poke|p1|Mimikyu, L50, F, shiny|\n|poke|p1|Primarina, L50, F, shiny|\n|poke|p2|Decidueye-Hisui, L50, F|\n|poke|p2|Floette-Eternal, L50, F|\n|poke|p2|Steelix, L50, F|\n|poke|p2|Sneasler, L50, M|\n|poke|p2|Araquanid, L50, M|\n|poke|p2|Krookodile, L50, M|\n|teampreview|3\n|inactive|Battle timer is ON: inactive players will automatically lose when time's up. (requested by cappororo)\n|\n|t:|1776776534\n|teamsize|p1|3\n|teamsize|p2|3\n|start\n|switch|p1a: Garchomp|Garchomp, L50, M, shiny|100/100\n|switch|p2a: Sneasler|Sneasler, L50, M|100/100\n|turn|1\n|\n|t:|1776776540\n|move|p2a: Sneasler|Close Combat|p1a: Garchomp\n|-damage|p1a: Garchomp|29/100\n|-unboost|p2a: Sneasler|def|1\n|-unboost|p2a: Sneasler|spd|1\n|-damage|p2a: Sneasler|88/100|[from] ability: Rough Skin|[of] p1a: Garchomp\n|-enditem|p2a: Sneasler|White Herb\n|-clearnegativeboost|p2a: Sneasler|[silent]\n|move|p1a: Garchomp|Rock Tomb|p2a: Sneasler\n|-resisted|p2a: Sneasler|1\n|-damage|p2a: Sneasler|71/100\n|-unboost|p2a: Sneasler|spe|1\n|\n|upkeep\n|turn|2\n|\n|t:|1776776551\n|move|p2a: Sneasler|Acrobatics|p1a: Garchomp\n|-damage|p1a: Garchomp|0 fnt\n|-damage|p2a: Sneasler|59/100|[from] ability: Rough Skin|[of] p1a: Garchomp\n|faint|p1a: Garchomp\n|\n|upkeep\n|\n|t:|1776776560\n|switch|p1a: Mimikyu|Mimikyu, L50, F, shiny|100/100\n|turn|3\n|\n|t:|1776776563\n|move|p2a: Sneasler|Dire Claw|p1a: Mimikyu\n|-activate|p1a: Mimikyu|ability: Disguise\n|-damage|p1a: Mimikyu|100/100\n|detailschange|p1a: Mimikyu|Mimikyu-Busted, L50, F, shiny\n|-damage|p1a: Mimikyu|88/100|[from] pokemon: Mimikyu-Busted\n|move|p1a: Mimikyu|Swords Dance|p1a: Mimikyu\n|-boost|p1a: Mimikyu|atk|2\n|\n|upkeep\n|turn|4\n|\n|t:|1776776573\n|move|p1a: Mimikyu|Shadow Sneak|p2a: Sneasler\n|-damage|p2a: Sneasler|0 fnt\n|faint|p2a: Sneasler\n|\n|upkeep\n|\n|t:|1776776576\n|switch|p2a: Steelix|Steelix, L50, F|100/100\n|turn|5\n|\n|t:|1776776581\n|detailschange|p2a: Steelix|Steelix-Mega, L50, F\n|-mega|p2a: Steelix|Steelix|Steelixite\n|move|p1a: Mimikyu|Swords Dance|p1a: Mimikyu\n|-boost|p1a: Mimikyu|atk|2\n|move|p2a: Steelix|Gyro Ball|p1a: Mimikyu\n|-supereffective|p1a: Mimikyu|1\n|-damage|p1a: Mimikyu|0 fnt\n|faint|p1a: Mimikyu\n|\n|upkeep\n|\n|t:|1776776588\n|switch|p1a: Lopunny|Lopunny, L50, F, shiny|100/100\n|turn|6\n|\n|t:|1776776592\n|detailschange|p1a: Lopunny|Lopunny-Mega, L50, F, shiny\n|-mega|p1a: Lopunny|Lopunny|Lopunnite\n|move|p1a: Lopunny|Swords Dance|p1a: Lopunny\n|-boost|p1a: Lopunny|atk|2\n|move|p2a: Steelix|Body Press|p1a: Lopunny\n|-supereffective|p1a: Lopunny|1\n|-crit|p1a: Lopunny\n|-damage|p1a: Lopunny|0 fnt\n|faint|p1a: Lopunny\n|\n|win|I am Gojo Satoru\n|raw|cappororo's rating: 1207 &rarr; <strong>1176</strong><br />(-31 for losing)\n|raw|I am Gojo Satoru's rating: 1119 &rarr; <strong>1150</strong><br />(+31 for winning)\n", "uploadtime": 1776776594, "views": 13, "formatid": "gen9championsbssregma", "rating": 1150, "private": 0, "password": null}