{"id": "gen9championsbssregma-2589666321", "format": "[Gen 9 Champions] BSS Reg M-A", "players": ["lligand", "Dandin11"], "log": "|j|\u2606lligand\n|j|\u2606Dandin11\n|t:|1776744815\n|gametype|singles\n|player|p1|lligand|2|1389\n|player|p2|Dandin11|102|1360\n|gen|9\n|tier|[Gen 9 Champions] BSS Reg M-A\n|rated|\n|rule|Species Clause: Limit one of each Pok\u00e9mon\n|rule|Item Clause: Limit 1 of each item\n|clearpoke\n|poke|p1|Dragapult, L50, F|\n|poke|p1|Venusaur, L50, F|\n|poke|p1|Corviknight, L50, M|\n|poke|p1|Hydreigon, L50, F|\n|poke|p1|Milotic, L50, M|\n|poke|p1|Manectric, L50, F|\n|poke|p2|Greninja, L50, M, shiny|\n|poke|p2|Meowscarada, L50, M, shiny|\n|poke|p2|Delphox, L50, M, shiny|\n|poke|p2|Primarina, L50, F, shiny|\n|poke|p2|Kleavor, L50, M, shiny|\n|poke|p2|Archaludon, L50, F, shiny|\n|teampreview|3\n|inactive|Battle timer is ON: inactive players will automatically lose when time's up. (requested by lligand)\n|\n|t:|1776744863\n|teamsize|p1|3\n|teamsize|p2|3\n|start\n|switch|p1a: Venusaur|Venusaur, L50, F|100/100\n|switch|p2a: Delphox|Delphox, L50, M, shiny|100/100\n|turn|1\n|\n|t:|1776744874\n|switch|p1a: Milotic|Milotic, L50, M|100/100\n|detailschange|p2a: Delphox|Delphox-Mega, L50, M, shiny\n|-mega|p2a: Delphox|Delphox|Delphoxite\n|move|p2a: Delphox|Substitute|p2a: Delphox\n|-start|p2a: Delphox|Substitute\n|-damage|p2a: Delphox|76/100\n|\n|upkeep\n|turn|2\n|j| p74\n|\n|t:|1776744882\n|move|p2a: Delphox|Psychic|p1a: Milotic\n|-damage|p1a: Milotic|70/100\n|move|p1a: Milotic|Scald|p2a: Delphox\n|-supereffective|p2a: Delphox|1\n|-end|p2a: Delphox|Substitute\n|\n|upkeep\n|turn|3\n|\n|t:|1776744892\n|switch|p2a: Meowscarada|Meowscarada, L50, M, shiny|100/100\n|move|p1a: Milotic|Scald|p2a: Meowscarada\n|-resisted|p2a: Meowscarada|1\n|-crit|p2a: Meowscarada\n|-damage|p2a: Meowscarada|67/100\n|\n|upkeep\n|turn|4\n|\n|t:|1776744900\n|switch|p1a: Corviknight|Corviknight, L50, M|100/100\n|-ability|p1a: Corviknight|Pressure\n|move|p2a: Meowscarada|U-turn|p1a: Corviknight\n|-start|p2a: Meowscarada|typechange|Bug|[from] ability: Protean\n|-resisted|p1a: Corviknight|2\n|-damage|p1a: Corviknight|95/100\n|\n|t:|1776744908\n|switch|p2a: Primarina|Primarina, L50, F, shiny|100/100|[from] U-turn\n|\n|-heal|p1a: Corviknight|100/100|[from] item: Leftovers\n|upkeep\n|turn|5\n|\n|t:|1776744916\n|switch|p1a: Venusaur|Venusaur, L50, F|100/100\n|move|p2a: Primarina|Flip Turn|p1a: Venusaur\n|-resisted|p1a: Venusaur|1\n|-damage|p1a: Venusaur|92/100\n|\n|t:|1776744924\n|switch|p2a: Delphox|Delphox-Mega, L50, M, shiny|76/100|[from] Flip Turn\n|\n|upkeep\n|turn|6\n|\n|t:|1776744930\n|switch|p1a: Milotic|Milotic, L50, M|70/100\n|move|p2a: Delphox|Psychic|p1a: Milotic\n|-damage|p1a: Milotic|41/100\n|-enditem|p1a: Milotic|Sitrus Berry|[eat]\n|-heal|p1a: Milotic|65/100|[from] item: Sitrus Berry\n|\n|upkeep\n|turn|7\n|\n|t:|1776744939\n|switch|p2a: Primarina|Primarina, L50, F, shiny|100/100\n|move|p1a: Milotic|Scald|p2a: Primarina\n|-resisted|p2a: Primarina|1\n|-damage|p2a: Primarina|89/100\n|\n|upkeep\n|turn|8\n|\n|t:|1776744948\n|move|p1a: Milotic|Recover|p1a: Milotic\n|-heal|p1a: Milotic|100/100\n|move|p2a: Primarina|Moonblast|p1a: Milotic\n|-damage|p1a: Milotic|67/100\n|\n|upkeep\n|turn|9\n|\n|t:|1776744960\n|switch|p1a: Venusaur|Venusaur, L50, F|92/100\n|move|p2a: Primarina|Moonblast|p1a: Venusaur\n|-resisted|p1a: Venusaur|1\n|-damage|p1a: Venusaur|69/100\n|\n|upkeep\n|turn|10\n|\n|t:|1776744968\n|switch|p2a: Delphox|Delphox-Mega, L50, M, shiny|76/100\n|detailschange|p1a: Venusaur|Venusaur-Mega, L50, F\n|-mega|p1a: Venusaur|Venusaur|Venusaurite\n|move|p1a: Venusaur|Sludge Wave|p2a: Delphox\n|-damage|p2a: Delphox|23/100\n|\n|upkeep\n|turn|11\n|\n|t:|1776744975\n|switch|p1a: Milotic|Milotic, L50, M|67/100\n|move|p2a: Delphox|Psychic|p1a: Milotic\n|-crit|p1a: Milotic\n|-damage|p1a: Milotic|18/100\n|\n|upkeep\n|turn|12\n|\n|t:|1776744988\n|move|p2a: Delphox|Psychic|p1a: Milotic\n|-damage|p1a: Milotic|0 fnt\n|faint|p1a: Milotic\n|\n|upkeep\n|\n|t:|1776744990\n|switch|p1a: Corviknight|Corviknight, L50, M|100/100\n|-ability|p1a: Corviknight|Pressure\n|turn|13\n|\n|t:|1776744996\n|move|p2a: Delphox|Flamethrower|p1a: Corviknight\n|-supereffective|p1a: Corviknight|1\n|-damage|p1a: Corviknight|0 fnt\n|faint|p1a: Corviknight\n|\n|upkeep\n|\n|t:|1776745002\n|switch|p1a: Venusaur|Venusaur-Mega, L50, F|69/100\n|turn|14\n|-message|lligand forfeited.\n|\n|win|Dandin11\n|raw|lligand's rating: 1389 &rarr; <strong>1367</strong><br />(-22 for losing)\n|raw|Dandin11's rating: 1360 &rarr; <strong>1382</strong><br />(+22 for winning)\n|l|\u2606lligand\n|player|p1|\n|l|\u2606Dandin11\n|player|p2|\n", "uploadtime": 1776745530, "views": 2, "formatid": "gen9championsbssregma", "rating": 1367, "private": 0, "password": null}