{"id": "gen9championsbssregma-2590866250", "format": "[Gen 9 Champions] BSS Reg M-A", "players": ["ruriripoke", "Acrodude"], "log": "|j|\u2606ruriripoke\n|j|\u2606Acrodude\n|t:|1776856433\n|gametype|singles\n|player|p1|ruriripoke|265|1392\n|player|p2|Acrodude|170|1313\n|gen|9\n|tier|[Gen 9 Champions] BSS Reg M-A\n|rated|\n|rule|Species Clause: Limit one of each Pok\u00e9mon\n|rule|Item Clause: Limit 1 of each item\n|clearpoke\n|poke|p1|Scizor, L50, F|\n|poke|p1|Hippowdon, L50, F|\n|poke|p1|Basculegion, L50, M|\n|poke|p1|Meowscarada, L50, F|\n|poke|p1|Clefable, L50, F|\n|poke|p1|Rotom-Heat, L50|\n|poke|p2|Ditto, L50|\n|poke|p2|Kangaskhan, L50, F|\n|poke|p2|Talonflame, L50, M|\n|poke|p2|Floette-Eternal, L50, F|\n|poke|p2|Garchomp, L50, M|\n|poke|p2|Skarmory, L50, M|\n|teampreview|3\n|inactive|Battle timer is ON: inactive players will automatically lose when time's up. (requested by ruriripoke)\n|inactive|ruriripoke has 60 seconds left.\n|inactive|ruriripoke has 30 seconds left.\n|inactive|ruriripoke has 20 seconds left.\n|\n|t:|1776856507\n|teamsize|p1|3\n|teamsize|p2|3\n|start\n|switch|p1a: Scizor|Scizor, L50, F|100/100\n|switch|p2a: Skarmory|Skarmory, L50, M|100/100\n|turn|1\n|\n|t:|1776856516\n|switch|p1a: Hippowdon|Hippowdon, L50, F|100/100\n|-weather|Sandstorm|[from] ability: Sand Stream|[of] p1a: Hippowdon\n|move|p2a: Skarmory|Stealth Rock|p1a: Hippowdon\n|-sidestart|p1: ruriripoke|move: Stealth Rock\n|\n|-weather|Sandstorm|[upkeep]\n|upkeep\n|turn|2\n|\n|t:|1776856522\n|move|p2a: Skarmory|Spikes|p1a: Hippowdon\n|-sidestart|p1: ruriripoke|Spikes\n|move|p1a: Hippowdon|Stealth Rock|p2a: Skarmory\n|-sidestart|p2: Acrodude|move: Stealth Rock\n|\n|-weather|Sandstorm|[upkeep]\n|upkeep\n|turn|3\n|\n|t:|1776856531\n|move|p1a: Hippowdon|Yawn|p2a: Skarmory\n|-start|p2a: Skarmory|move: Yawn|[of] p1a: Hippowdon\n|move|p2a: Skarmory|Whirlwind|p1a: Hippowdon\n|drag|p1a: Scizor|Scizor, L50, F|100/100\n|-damage|p1a: Scizor|88/100|[from] Stealth Rock\n|-damage|p1a: Scizor|76/100|[from] Spikes\n|\n|-weather|Sandstorm|[upkeep]\n|upkeep\n|turn|4\n|\n|t:|1776856545\n|detailschange|p1a: Scizor|Scizor-Mega, L50, F\n|-mega|p1a: Scizor|Scizor|Scizorite\n|move|p1a: Scizor|Swords Dance|p1a: Scizor\n|-boost|p1a: Scizor|atk|2\n|move|p2a: Skarmory|Whirlwind|p1a: Scizor\n|drag|p1a: Hippowdon|Hippowdon, L50, F|100/100\n|-damage|p1a: Hippowdon|94/100|[from] Stealth Rock\n|-damage|p1a: Hippowdon|82/100|[from] Spikes\n|\n|-weather|Sandstorm|[upkeep]\n|-end|p2a: Skarmory|move: Yawn|[silent]\n|-status|p2a: Skarmory|slp\n|upkeep\n|turn|5\n|\n|t:|1776856559\n|switch|p1a: Scizor|Scizor-Mega, L50, F|76/100\n|-damage|p1a: Scizor|63/100|[from] Stealth Rock\n|-damage|p1a: Scizor|51/100|[from] Spikes\n|cant|p2a: Skarmory|slp\n|\n|-weather|none\n|upkeep\n|turn|6\n|\n|t:|1776856562\n|move|p1a: Scizor|Knock Off|p2a: Skarmory\n|-damage|p2a: Skarmory|74/100 slp\n|-enditem|p2a: Skarmory|Sitrus Berry|[from] move: Knock Off|[of] p1a: Scizor\n|-curestatus|p2a: Skarmory|slp|[msg]\n|move|p2a: Skarmory|Whirlwind|p1a: Scizor\n|drag|p1a: Basculegion|Basculegion, L50, M|100/100\n|-damage|p1a: Basculegion|88/100|[from] Stealth Rock\n|-damage|p1a: Basculegion|76/100|[from] Spikes\n|\n|upkeep\n|turn|7\n|\n|t:|1776856573\n|move|p1a: Basculegion|Wave Crash|p2a: Skarmory\n|-damage|p2a: Skarmory|28/100\n|-damage|p1a: Basculegion|63/100|[from] Recoil\n|move|p2a: Skarmory|Roost|p2a: Skarmory\n|-heal|p2a: Skarmory|78/100\n|-singleturn|p2a: Skarmory|move: Roost\n|\n|upkeep\n|turn|8\n|\n|t:|1776856576\n|move|p1a: Basculegion|Wave Crash|p2a: Skarmory\n|-damage|p2a: Skarmory|34/100\n|-damage|p1a: Basculegion|50/100|[from] Recoil\n|move|p2a: Skarmory|Roost|p2a: Skarmory\n|-heal|p2a: Skarmory|84/100\n|-singleturn|p2a: Skarmory|move: Roost\n|\n|upkeep\n|turn|9\n|\n|t:|1776856581\n|switch|p1a: Hippowdon|Hippowdon, L50, F|82/100\n|-damage|p1a: Hippowdon|76/100|[from] Stealth Rock\n|-damage|p1a: Hippowdon|64/100|[from] Spikes\n|-weather|Sandstorm|[from] ability: Sand Stream|[of] p1a: Hippowdon\n|move|p2a: Skarmory|Roost|p2a: Skarmory\n|-heal|p2a: Skarmory|100/100\n|-singleturn|p2a: Skarmory|move: Roost\n|\n|-weather|Sandstorm|[upkeep]\n|upkeep\n|turn|10\n|\n|t:|1776856584\n|move|p1a: Hippowdon|Yawn|p2a: Skarmory\n|-start|p2a: Skarmory|move: Yawn|[of] p1a: Hippowdon\n|move|p2a: Skarmory|Whirlwind|p1a: Hippowdon\n|drag|p1a: Basculegion|Basculegion, L50, M|50/100\n|-damage|p1a: Basculegion|38/100|[from] Stealth Rock\n|-damage|p1a: Basculegion|26/100|[from] Spikes\n|\n|-weather|Sandstorm|[upkeep]\n|-damage|p1a: Basculegion|20/100|[from] Sandstorm\n|upkeep\n|turn|11\n|\n|t:|1776856596\n|move|p1a: Basculegion|Wave Crash|p2a: Skarmory\n|-damage|p2a: Skarmory|52/100\n|-damage|p1a: Basculegion|6/100|[from] Recoil\n|move|p2a: Skarmory|Whirlwind|p1a: Basculegion\n|drag|p1a: Hippowdon|Hippowdon, L50, F|64/100\n|-damage|p1a: Hippowdon|58/100|[from] Stealth Rock\n|-damage|p1a: Hippowdon|46/100|[from] Spikes\n|-enditem|p1a: Hippowdon|Sitrus Berry|[eat]\n|-heal|p1a: Hippowdon|71/100|[from] item: Sitrus Berry\n|\n|-weather|Sandstorm|[upkeep]\n|-end|p2a: Skarmory|move: Yawn|[silent]\n|-status|p2a: Skarmory|slp\n|upkeep\n|turn|12\n|\n|t:|1776856607\n|cant|p2a: Skarmory|slp\n|move|p1a: Hippowdon|Slack Off|p1a: Hippowdon\n|-heal|p1a: Hippowdon|100/100\n|\n|-weather|Sandstorm|[upkeep]\n|upkeep\n|turn|13\n|\n|t:|1776856610\n|switch|p1a: Scizor|Scizor-Mega, L50, F|51/100\n|-damage|p1a: Scizor|38/100|[from] Stealth Rock\n|-damage|p1a: Scizor|26/100|[from] Spikes\n|cant|p2a: Skarmory|slp\n|\n|-weather|none\n|upkeep\n|turn|14\n|\n|t:|1776856617\n|move|p1a: Scizor|Swords Dance|p1a: Scizor\n|-boost|p1a: Scizor|atk|2\n|-curestatus|p2a: Skarmory|slp|[msg]\n|move|p2a: Skarmory|Whirlwind|p1a: Scizor\n|drag|p1a: Basculegion|Basculegion, L50, M|6/100\n|-damage|p1a: Basculegion|0 fnt|[from] Stealth Rock\n|faint|p1a: Basculegion\n|\n|upkeep\n|-message|ruriripoke forfeited.\n|\n|win|Acrodude\n|raw|ruriripoke's rating: 1392 &rarr; <strong>1368</strong><br />(-24 for losing)\n|raw|Acrodude's rating: 1313 &rarr; <strong>1337</strong><br />(+24 for winning)\n|l|\u2606ruriripoke\n|player|p1|\n", "uploadtime": 1776856631, "views": 22, "formatid": "gen9championsbssregma", "rating": 1337, "private": 0, "password": null}