{"id": "gen9championsbssregma-2590632452", "format": "[Gen 9 Champions] BSS Reg M-A", "players": ["sevaag", "DoctorGrizzman"], "log": "|j|\u2606sevaag\n|j|\u2606DoctorGrizzman\n|t:|1776828137\n|gametype|singles\n|player|p1|sevaag|clerkf|1137\n|player|p2|DoctorGrizzman|cynthia|1171\n|gen|9\n|tier|[Gen 9 Champions] BSS Reg M-A\n|rated|\n|rule|Species Clause: Limit one of each Pok\u00e9mon\n|rule|Item Clause: Limit 1 of each item\n|clearpoke\n|poke|p1|Garchomp, L50, F|\n|poke|p1|Corviknight, L50, F|\n|poke|p1|Primarina, L50, F|\n|poke|p1|Gengar, L50, F|\n|poke|p1|Hydreigon, L50, M|\n|poke|p1|Charizard, L50, F|\n|poke|p2|Emboar, L50, M, shiny|\n|poke|p2|Mamoswine, L50, M|\n|poke|p2|Floette-Eternal, L50, F|\n|poke|p2|Araquanid, L50, F|\n|poke|p2|Rotom-Wash, L50|\n|poke|p2|Basculegion, L50, M|\n|teampreview|3\n|inactive|Battle timer is ON: inactive players will automatically lose when time's up. (requested by DoctorGrizzman)\n|\n|t:|1776828183\n|teamsize|p1|3\n|teamsize|p2|3\n|start\n|switch|p1a: Garchomp|Garchomp, L50, F|100/100\n|switch|p2a: Araquanid|Araquanid, L50, F|100/100\n|turn|1\n|\n|t:|1776828190\n|move|p1a: Garchomp|Stealth Rock|p2a: Araquanid\n|-sidestart|p2: DoctorGrizzman|move: Stealth Rock\n|move|p2a: Araquanid|Sticky Web|p1a: Garchomp\n|-sidestart|p1: sevaag|move: Sticky Web\n|\n|upkeep\n|turn|2\n|\n|t:|1776828195\n|move|p2a: Araquanid|Liquidation|p1a: Garchomp\n|-damage|p1a: Garchomp|63/100\n|-damage|p2a: Araquanid|88/100|[from] ability: Rough Skin|[of] p1a: Garchomp\n|move|p1a: Garchomp|Dragon Tail|p2a: Araquanid\n|-damage|p2a: Araquanid|67/100\n|drag|p2a: Floette|Floette-Eternal, L50, F|100/100\n|-damage|p2a: Floette|88/100|[from] Stealth Rock\n|\n|upkeep\n|turn|3\n|inactive|sevaag has 30 seconds left.\n|\n|t:|1776828222\n|detailschange|p2a: Floette|Floette-Mega, L50, F\n|-mega|p2a: Floette|Floette|Floettite\n|-ability|p2a: Floette|Fairy Aura\n|move|p1a: Garchomp|Earthquake|p2a: Floette\n|-damage|p2a: Floette|53/100\n|move|p2a: Floette|Calm Mind|p2a: Floette\n|-boost|p2a: Floette|spa|1\n|-boost|p2a: Floette|spd|1\n|\n|upkeep\n|turn|4\n|\n|t:|1776828232\n|move|p1a: Garchomp|Earthquake|p2a: Floette\n|-damage|p2a: Floette|18/100\n|move|p2a: Floette|Draining Kiss|p1a: Garchomp\n|-supereffective|p1a: Garchomp|1\n|-damage|p1a: Garchomp|0 fnt\n|-heal|p2a: Floette|69/100|[from] drain|[of] p1a: Garchomp\n|-damage|p2a: Floette|57/100|[from] ability: Rough Skin|[of] p1a: Garchomp\n|faint|p1a: Garchomp\n|\n|upkeep\n|\n|t:|1776828238\n|switch|p1a: Charizard|Charizard, L50, F|100/100\n|turn|5\n|\n|t:|1776828246\n|detailschange|p1a: Charizard|Charizard-Mega-Y, L50, F\n|-mega|p1a: Charizard|Charizard|Charizardite Y\n|-weather|SunnyDay|[from] ability: Drought|[of] p1a: Charizard\n|move|p1a: Charizard|Flamethrower|p2a: Floette\n|-damage|p2a: Floette|20/100\n|move|p2a: Floette|Synthesis|p2a: Floette\n|-heal|p2a: Floette|87/100\n|\n|-weather|SunnyDay|[upkeep]\n|upkeep\n|turn|6\n|\n|t:|1776828254\n|move|p1a: Charizard|Flame Charge|p2a: Floette\n|-damage|p2a: Floette|60/100\n|-boost|p1a: Charizard|spe|1\n|move|p2a: Floette|Calm Mind|p2a: Floette\n|-boost|p2a: Floette|spa|1\n|-boost|p2a: Floette|spd|1\n|\n|-weather|SunnyDay|[upkeep]\n|upkeep\n|turn|7\n|\n|t:|1776828259\n|move|p1a: Charizard|Air Slash|p2a: Floette\n|-damage|p2a: Floette|44/100\n|move|p2a: Floette|Synthesis|p2a: Floette\n|-heal|p2a: Floette|100/100\n|\n|-weather|SunnyDay|[upkeep]\n|upkeep\n|turn|8\n|\n|t:|1776828264\n|move|p1a: Charizard|Flame Charge|p2a: Floette\n|-damage|p2a: Floette|77/100\n|-boost|p1a: Charizard|spe|1\n|move|p2a: Floette|Draining Kiss|p1a: Charizard\n|-resisted|p1a: Charizard|1\n|-damage|p1a: Charizard|65/100\n|-heal|p2a: Floette|99/100|[from] drain|[of] p1a: Charizard\n|\n|-weather|SunnyDay|[upkeep]\n|upkeep\n|turn|9\n|\n|t:|1776828268\n|move|p1a: Charizard|Flamethrower|p2a: Floette\n|-damage|p2a: Floette|70/100\n|move|p2a: Floette|Draining Kiss|p1a: Charizard\n|-resisted|p1a: Charizard|1\n|-damage|p1a: Charizard|33/100\n|-heal|p2a: Floette|91/100|[from] drain|[of] p1a: Charizard\n|\n|-weather|none\n|upkeep\n|turn|10\n|\n|t:|1776828273\n|move|p1a: Charizard|Flamethrower|p2a: Floette\n|-damage|p2a: Floette|72/100\n|move|p2a: Floette|Draining Kiss|p1a: Charizard\n|-resisted|p1a: Charizard|1\n|-damage|p1a: Charizard|0 fnt\n|-heal|p2a: Floette|93/100|[from] drain|[of] p1a: Charizard\n|faint|p1a: Charizard\n|\n|upkeep\n|c|\u2606sevaag|i didn't know bro won the 1v1 :sob:\n|-message|sevaag forfeited.\n|\n|win|DoctorGrizzman\n|raw|sevaag's rating: 1137 &rarr; <strong>1114</strong><br />(-23 for losing)\n|raw|DoctorGrizzman's rating: 1171 &rarr; <strong>1194</strong><br />(+23 for winning)\n|l|\u2606sevaag\n|player|p1|\n", "uploadtime": 1776828303, "views": 6, "formatid": "gen9championsbssregma", "rating": 1114, "private": 0, "password": null}