{"id": "gen9championsbssregma-2593553045", "format": "[Gen 9 Champions] BSS Reg M-A", "players": ["Lunartul", "meteor1101"], "log": "|j|\u2606Lunartul\n|j|\u2606meteor1101\n|t:|1777095926\n|gametype|singles\n|player|p1|Lunartul|volkner|1281\n|player|p2|meteor1101|1|1406\n|gen|9\n|tier|[Gen 9 Champions] BSS Reg M-A\n|rated|\n|rule|Species Clause: Limit one of each Pok\u00e9mon\n|rule|Item Clause: Limit 1 of each item\n|clearpoke\n|poke|p1|Charizard, L50, M|\n|poke|p1|Hippowdon, L50, F|\n|poke|p1|Primarina, L50, F|\n|poke|p1|Meowscarada, L50, F|\n|poke|p1|Sneasler, L50, F|\n|poke|p1|Starmie, L50|\n|poke|p2|Garchomp, L50, F|\n|poke|p2|Kangaskhan, L50, F|\n|poke|p2|Gengar, L50, M|\n|poke|p2|Corviknight, L50, M|\n|poke|p2|Primarina, L50, F|\n|poke|p2|Rotom-Heat, L50|\n|teampreview|3\n|\n|t:|1777095986\n|teamsize|p1|3\n|teamsize|p2|3\n|start\n|switch|p1a: Meowscarada|Meowscarada, L50, F|100/100\n|switch|p2a: Rotom|Rotom-Heat, L50|100/100\n|turn|1\n|\n|t:|1777096002\n|move|p1a: Meowscarada|U-turn|p2a: Rotom\n|-start|p1a: Meowscarada|typechange|Bug|[from] ability: Protean\n|-resisted|p2a: Rotom|1\n|-damage|p2a: Rotom|80/100\n|\n|t:|1777096007\n|switch|p1a: Hippowdon|Hippowdon, L50, F|100/100|[from] U-turn\n|-weather|Sandstorm|[from] ability: Sand Stream|[of] p1a: Hippowdon\n|move|p2a: Rotom|Volt Switch|p1a: Hippowdon\n|-immune|p1a: Hippowdon\n|\n|-weather|Sandstorm|[upkeep]\n|-damage|p2a: Rotom|75/100|[from] Sandstorm\n|upkeep\n|turn|2\n|\n|t:|1777096018\n|switch|p2a: Primarina|Primarina, L50, F|100/100\n|move|p1a: Hippowdon|Stealth Rock|p2a: Primarina\n|-sidestart|p2: meteor1101|move: Stealth Rock\n|\n|-weather|Sandstorm|[upkeep]\n|-damage|p2a: Primarina|94/100|[from] Sandstorm\n|upkeep\n|turn|3\n|\n|t:|1777096032\n|switch|p1a: Starmie|Starmie, L50|100/100\n|move|p2a: Primarina|Substitute|p2a: Primarina\n|-start|p2a: Primarina|Substitute\n|-damage|p2a: Primarina|70/100\n|\n|-weather|Sandstorm|[upkeep]\n|-damage|p1a: Starmie|95/100|[from] Sandstorm\n|-damage|p2a: Primarina|63/100|[from] Sandstorm\n|upkeep\n|turn|4\n|\n|t:|1777096046\n|detailschange|p1a: Starmie|Starmie-Mega, L50\n|-mega|p1a: Starmie|Starmie|Starminite\n|move|p1a: Starmie|Zen Headbutt|p2a: Primarina\n|-end|p2a: Primarina|Substitute\n|move|p2a: Primarina|Moonblast|p1a: Starmie\n|-damage|p1a: Starmie|37/100\n|-unboost|p1a: Starmie|spa|1\n|\n|-weather|Sandstorm|[upkeep]\n|-damage|p1a: Starmie|31/100|[from] Sandstorm\n|-damage|p2a: Primarina|57/100|[from] Sandstorm\n|upkeep\n|turn|5\n|\n|t:|1777096060\n|move|p1a: Starmie|Zen Headbutt|p2a: Primarina\n|-damage|p2a: Primarina|0 fnt\n|faint|p2a: Primarina\n|\n|-weather|none\n|upkeep\n|\n|t:|1777096063\n|switch|p2a: Gengar|Gengar, L50, M|100/100\n|-damage|p2a: Gengar|88/100|[from] Stealth Rock\n|turn|6\n|\n|t:|1777096074\n|detailschange|p2a: Gengar|Gengar-Mega, L50, M\n|-mega|p2a: Gengar|Gengar|Gengarite\n|move|p1a: Starmie|Aqua Jet|p2a: Gengar\n|-damage|p2a: Gengar|29/100\n|move|p2a: Gengar|Sludge Wave|p1a: Starmie\n|-damage|p1a: Starmie|0 fnt\n|faint|p1a: Starmie\n|\n|upkeep\n|-message|meteor1101 forfeited.\n|\n|win|Lunartul\n|raw|Lunartul's rating: 1281 &rarr; <strong>1315</strong><br />(+34 for winning)\n|raw|meteor1101's rating: 1406 &rarr; <strong>1379</strong><br />(-27 for losing)\n|l|\u2606meteor1101\n|player|p2|\n", "uploadtime": 1777096089, "views": 18, "formatid": "gen9championsbssregma", "rating": 1315, "private": 0, "password": null}