{"id": "gen9championsbssregma-2593113220", "format": "[Gen 9 Champions] BSS Reg M-A", "players": ["Ineedaonetype", "8155yano"], "log": "|j|\u2606Ineedaonetype\n|j|\u26068155yano\n|t:|1777053786\n|gametype|singles\n|player|p1|Ineedaonetype|266|1303\n|player|p2|8155yano|102|1420\n|gen|9\n|tier|[Gen 9 Champions] BSS Reg M-A\n|rated|\n|rule|Species Clause: Limit one of each Pok\u00e9mon\n|rule|Item Clause: Limit 1 of each item\n|clearpoke\n|poke|p1|Pelipper, L50, F|\n|poke|p1|Garchomp, L50, M|\n|poke|p1|Archaludon, L50, F|\n|poke|p1|Starmie, L50|\n|poke|p1|Palafin, L50, M|\n|poke|p1|Heliolisk, L50, M|\n|poke|p2|Charizard, L50, F, shiny|\n|poke|p2|Corviknight, L50, F, shiny|\n|poke|p2|Snorlax, L50, F, shiny|\n|poke|p2|Floette-Eternal, L50, F|\n|poke|p2|Garchomp, L50, M, shiny|\n|poke|p2|Meowscarada, L50, F, shiny|\n|teampreview|3\n|inactive|Battle timer is ON: inactive players will automatically lose when time's up. (requested by 8155yano)\n|\n|t:|1777053820\n|teamsize|p1|3\n|teamsize|p2|3\n|start\n|switch|p1a: Palafin|Palafin, L50, M|100/100\n|switch|p2a: Meowscarada|Meowscarada, L50, F, shiny|100/100\n|turn|1\n|\n|t:|1777053834\n|detailschange|p1a: Palafin|Palafin-Hero, L50, M\n|switch|p1a: Pelipper|Pelipper, L50, F|100/100\n|-weather|RainDance|[from] ability: Drizzle|[of] p1a: Pelipper\n|move|p2a: Meowscarada|U-turn|p1a: Pelipper\n|-start|p2a: Meowscarada|typechange|Bug|[from] ability: Protean\n|-resisted|p1a: Pelipper|1\n|-damage|p1a: Pelipper|83/100\n|\n|t:|1777053843\n|switch|p2a: Charizard|Charizard, L50, F, shiny|100/100|[from] U-turn\n|\n|-weather|RainDance|[upkeep]\n|upkeep\n|turn|2\n|\n|t:|1777053850\n|detailschange|p2a: Charizard|Charizard-Mega-Y, L50, F, shiny\n|-mega|p2a: Charizard|Charizard|Charizardite Y\n|-weather|SunnyDay|[from] ability: Drought|[of] p2a: Charizard\n|move|p2a: Charizard|Air Slash|p1a: Pelipper\n|-damage|p1a: Pelipper|5/100\n|move|p1a: Pelipper|U-turn|p2a: Charizard\n|-resisted|p2a: Charizard|2\n|-damage|p2a: Charizard|98/100\n|\n|t:|1777053856\n|switch|p1a: Starmie|Starmie, L50|100/100|[from] U-turn\n|\n|-weather|SunnyDay|[upkeep]\n|upkeep\n|turn|3\n|\n|t:|1777053866\n|switch|p2a: Meowscarada|Meowscarada, L50, F, shiny|100/100\n|detailschange|p1a: Starmie|Starmie-Mega, L50\n|-mega|p1a: Starmie|Starmie|Starminite\n|move|p1a: Starmie|Liquidation|p2a: Meowscarada\n|-resisted|p2a: Meowscarada|1\n|-damage|p2a: Meowscarada|69/100\n|\n|-weather|SunnyDay|[upkeep]\n|upkeep\n|turn|4\n|\n|t:|1777053882\n|switch|p1a: Pelipper|Pelipper, L50, F|5/100\n|-weather|RainDance|[from] ability: Drizzle|[of] p1a: Pelipper\n|move|p2a: Meowscarada|U-turn|p1a: Pelipper\n|-start|p2a: Meowscarada|typechange|Bug|[from] ability: Protean\n|-resisted|p1a: Pelipper|1\n|-damage|p1a: Pelipper|0 fnt\n|faint|p1a: Pelipper\n|\n|t:|1777053892\n|switch|p2a: Charizard|Charizard-Mega-Y, L50, F, shiny|98/100|[from] U-turn\n|-weather|SunnyDay|[from] ability: Drought|[of] p2a: Charizard\n|\n|-weather|SunnyDay|[upkeep]\n|upkeep\n|inactive|Ineedaonetype has 30 seconds left.\n|inactive|Ineedaonetype has 20 seconds left.\n|\n|t:|1777053930\n|switch|p1a: Starmie|Starmie-Mega, L50|100/100\n|turn|5\n|\n|t:|1777053935\n|switch|p2a: Corviknight|Corviknight, L50, F, shiny|100/100\n|-ability|p2a: Corviknight|Pressure\n|move|p1a: Starmie|Ice Spinner|p2a: Corviknight\n|-damage|p2a: Corviknight|71/100\n|\n|-weather|SunnyDay|[upkeep]\n|upkeep\n|turn|6\n|\n|t:|1777053945\n|move|p1a: Starmie|Liquidation|p2a: Corviknight\n|-damage|p2a: Corviknight|46/100\n|-unboost|p2a: Corviknight|def|1\n|-enditem|p2a: Corviknight|Sitrus Berry|[eat]\n|-heal|p2a: Corviknight|71/100|[from] item: Sitrus Berry\n|move|p2a: Corviknight|U-turn|p1a: Starmie\n|-supereffective|p1a: Starmie|1\n|-damage|p1a: Starmie|65/100\n|\n|t:|1777053954\n|switch|p2a: Meowscarada|Meowscarada, L50, F, shiny|69/100|[from] U-turn\n|\n|-weather|SunnyDay|[upkeep]\n|upkeep\n|turn|7\n|\n|t:|1777053960\n|move|p2a: Meowscarada|Flower Trick|p1a: Starmie\n|-start|p2a: Meowscarada|typechange|Grass|[from] ability: Protean\n|-supereffective|p1a: Starmie|1\n|-crit|p1a: Starmie\n|-damage|p1a: Starmie|0 fnt\n|faint|p1a: Starmie\n|\n|-weather|SunnyDay|[upkeep]\n|upkeep\n|\n|t:|1777053965\n|switch|p1a: Palafin|Palafin-Hero, L50, M|100/100\n|-activate|p1a: Palafin|ability: Zero to Hero\n|turn|8\n|\n|t:|1777053973\n|move|p2a: Meowscarada|Flower Trick|p1a: Palafin\n|-supereffective|p1a: Palafin|1\n|-crit|p1a: Palafin\n|-damage|p1a: Palafin|10/100\n|move|p1a: Palafin|Drain Punch|p2a: Meowscarada\n|-damage|p2a: Meowscarada|15/100\n|-heal|p1a: Palafin|30/100|[from] drain|[of] p2a: Meowscarada\n|\n|-weather|none\n|-heal|p1a: Palafin|36/100|[from] item: Leftovers\n|upkeep\n|turn|9\n|\n|t:|1777053992\n|move|p1a: Palafin|Jet Punch|p2a: Meowscarada\n|-resisted|p2a: Meowscarada|1\n|-damage|p2a: Meowscarada|0 fnt\n|faint|p2a: Meowscarada\n|\n|-heal|p1a: Palafin|42/100|[from] item: Leftovers\n|upkeep\n|\n|t:|1777053999\n|switch|p2a: Charizard|Charizard-Mega-Y, L50, F, shiny|98/100\n|-weather|SunnyDay|[from] ability: Drought|[of] p2a: Charizard\n|turn|10\n|\n|t:|1777054004\n|move|p1a: Palafin|Jet Punch|p2a: Charizard\n|-supereffective|p2a: Charizard|1\n|-damage|p2a: Charizard|40/100\n|move|p2a: Charizard|Solar Beam||[still]\n|-prepare|p2a: Charizard|Solar Beam\n|-anim|p2a: Charizard|Solar Beam|p1a: Palafin\n|-supereffective|p1a: Palafin|1\n|-damage|p1a: Palafin|0 fnt\n|faint|p1a: Palafin\n|\n|win|8155yano\n|raw|Ineedaonetype's rating: 1303 &rarr; <strong>1289</strong><br />(-14 for losing)\n|raw|8155yano's rating: 1420 &rarr; <strong>1434</strong><br />(+14 for winning)\n|l|\u26068155yano\n|player|p2|\n", "uploadtime": 1777054015, "views": 2, "formatid": "gen9championsbssregma", "rating": 1289, "private": 0, "password": null}