{"id": "gen9championsbssregma-2592584077", "format": "[Gen 9 Champions] BSS Reg M-A", "players": ["Spicy_Pmang", "mega meganium cute"], "log": "|j|\u2606Spicy_Pmang\n|j|\u203dmega meganium cute\n|t:|1777004259\n|gametype|singles\n|player|p1|Spicy_Pmang|pokemaniac|1251\n|player|p2|mega meganium cute|may-contest|1293\n|gen|9\n|tier|[Gen 9 Champions] BSS Reg M-A\n|rated|\n|rule|Species Clause: Limit one of each Pok\u00e9mon\n|rule|Item Clause: Limit 1 of each item\n|clearpoke\n|poke|p1|Kleavor, L50, M|\n|poke|p1|Azumarill, L50, F|\n|poke|p1|Lucario, L50, M|\n|poke|p1|Heliolisk, L50, F, shiny|\n|poke|p1|Skeledirge, L50, M|\n|poke|p1|Whimsicott, L50, M|\n|poke|p2|Aegislash, L50, M|\n|poke|p2|Umbreon, L50, M|\n|poke|p2|Delphox, L50, M|\n|poke|p2|Garchomp, L50, M|\n|poke|p2|Empoleon, L50, M|\n|poke|p2|Venusaur, L50, M|\n|teampreview|3\n|inactive|Battle timer is ON: inactive players will automatically lose when time's up. (requested by mega meganium cute)\n|inactive|mega meganium cute has 60 seconds left.\n|inactive|mega meganium cute has 30 seconds left.\n|\n|t:|1777004320\n|teamsize|p1|3\n|teamsize|p2|3\n|start\n|switch|p1a: Kleavor|Kleavor, L50, M|100/100\n|switch|p2a: Empoleon|Empoleon, L50, M|100/100\n|turn|1\n|inactive|mega meganium cute has 30 seconds left.\n|\n|t:|1777004348\n|move|p1a: Kleavor|Stone Axe|p2a: Empoleon\n|-resisted|p2a: Empoleon|1\n|-damage|p2a: Empoleon|67/100\n|-sidestart|p2: mega meganium cute|move: Stealth Rock\n|move|p2a: Empoleon|Surf|p1a: Kleavor\n|-supereffective|p1a: Kleavor|1\n|-enditem|p1a: Kleavor|Focus Sash\n|-damage|p1a: Kleavor|1/100\n|\n|upkeep\n|turn|2\n|\n|t:|1777004361\n|move|p1a: Kleavor|Stone Axe|p2a: Empoleon\n|-resisted|p2a: Empoleon|1\n|-damage|p2a: Empoleon|35/100\n|move|p2a: Empoleon|Stealth Rock|p1a: Kleavor\n|-sidestart|p1: Spicy_Pmang|move: Stealth Rock\n|\n|upkeep\n|turn|3\n|\n|t:|1777004368\n|move|p1a: Kleavor|Stone Axe|p2a: Empoleon\n|-resisted|p2a: Empoleon|1\n|-damage|p2a: Empoleon|3/100\n|move|p2a: Empoleon|Surf|p1a: Kleavor\n|-supereffective|p1a: Kleavor|1\n|-damage|p1a: Kleavor|0 fnt\n|faint|p1a: Kleavor\n|\n|upkeep\n|\n|t:|1777004376\n|switch|p1a: Lucario|Lucario, L50, M|100/100\n|-damage|p1a: Lucario|98/100|[from] Stealth Rock\n|turn|4\n|inactive|mega meganium cute has 30 seconds left.\n|inactive|mega meganium cute has 20 seconds left.\n|inactive|mega meganium cute has 15 seconds left.\n|inactive|mega meganium cute has 10 seconds left.\n|inactive|mega meganium cute has 5 seconds left.\n|\n|t:|1777004431\n|move|p1a: Lucario|Vacuum Wave|p2a: Empoleon\n|-supereffective|p2a: Empoleon|1\n|-damage|p2a: Empoleon|0 fnt\n|faint|p2a: Empoleon\n|\n|upkeep\n|\n|t:|1777004439\n|switch|p2a: Venusaur|Venusaur, L50, M|100/100\n|-damage|p2a: Venusaur|88/100|[from] Stealth Rock\n|turn|5\n|\n|t:|1777004444\n|switch|p1a: Whimsicott|Whimsicott, L50, M|100/100\n|-damage|p1a: Whimsicott|89/100|[from] Stealth Rock\n|detailschange|p2a: Venusaur|Venusaur-Mega, L50, M\n|-mega|p2a: Venusaur|Venusaur|Venusaurite\n|move|p2a: Venusaur|Earth Power|p1a: Whimsicott\n|-resisted|p1a: Whimsicott|1\n|-damage|p1a: Whimsicott|72/100\n|\n|upkeep\n|turn|6\n|\n|t:|1777004462\n|move|p1a: Whimsicott|Encore|p2a: Venusaur\n|-start|p2a: Venusaur|Encore\n|move|p2a: Venusaur|Earth Power|p1a: Whimsicott\n|-resisted|p1a: Whimsicott|1\n|-damage|p1a: Whimsicott|55/100\n|\n|upkeep\n|turn|7\n|\n|t:|1777004469\n|switch|p2a: Garchomp|Garchomp, L50, M|100/100\n|-damage|p2a: Garchomp|95/100|[from] Stealth Rock\n|move|p1a: Whimsicott|Light Screen|p1a: Whimsicott\n|-sidestart|p1: Spicy_Pmang|move: Light Screen\n|\n|upkeep\n|turn|8\n|\n|t:|1777004477\n|switch|p2a: Venusaur|Venusaur-Mega, L50, M|88/100\n|-damage|p2a: Venusaur|76/100|[from] Stealth Rock\n|move|p1a: Whimsicott|Charm|p2a: Venusaur\n|-unboost|p2a: Venusaur|atk|2\n|\n|upkeep\n|turn|9\n|\n|t:|1777004487\n|move|p1a: Whimsicott|Leech Seed|p2a: Venusaur\n|-immune|p2a: Venusaur\n|move|p2a: Venusaur|Sludge Wave|p1a: Whimsicott\n|-supereffective|p1a: Whimsicott|2\n|-enditem|p1a: Whimsicott|Kebia Berry|[eat]\n|-enditem|p1a: Whimsicott|Kebia Berry|[weaken]\n|-damage|p1a: Whimsicott|6/100\n|\n|upkeep\n|turn|10\n|\n|t:|1777004497\n|move|p1a: Whimsicott|Encore|p2a: Venusaur\n|-start|p2a: Venusaur|Encore\n|move|p2a: Venusaur|Sludge Wave|p1a: Whimsicott\n|-supereffective|p1a: Whimsicott|2\n|-damage|p1a: Whimsicott|0 fnt\n|faint|p1a: Whimsicott\n|\n|upkeep\n|\n|t:|1777004505\n|switch|p1a: Lucario|Lucario, L50, M|98/100\n|-damage|p1a: Lucario|95/100|[from] Stealth Rock\n|turn|11\n|\n|t:|1777004524\n|switch|p2a: Garchomp|Garchomp, L50, M|95/100\n|-damage|p2a: Garchomp|89/100|[from] Stealth Rock\n|detailschange|p1a: Lucario|Lucario-Mega, L50, M\n|-mega|p1a: Lucario|Lucario|Lucarionite\n|move|p1a: Lucario|Nasty Plot|p1a: Lucario\n|-boost|p1a: Lucario|spa|2\n|\n|-sideend|p1: Spicy_Pmang|move: Light Screen\n|upkeep\n|turn|12\n|\n|t:|1777004535\n|move|p1a: Lucario|Steel Beam|p2a: Garchomp|[miss]\n|-miss|p1a: Lucario|p2a: Garchomp\n|-damage|p1a: Lucario|45/100|[from] steelbeam\n|move|p2a: Garchomp|Earthquake|p1a: Lucario\n|-supereffective|p1a: Lucario|1\n|-damage|p1a: Lucario|0 fnt\n|faint|p1a: Lucario\n|\n|win|mega meganium cute\n|raw|Spicy_Pmang's rating: 1251 &rarr; <strong>1229</strong><br />(-22 for losing)\n|raw|mega meganium cute's rating: 1293 &rarr; <strong>1315</strong><br />(+22 for winning)\n|l|\u2606Spicy_Pmang\n|player|p1|\n|c|\u203dmega meganium cute|/log mega meganium cute made this room public.\n", "uploadtime": 1777004552, "views": 0, "formatid": "gen9championsbssregma", "rating": 1229, "private": 0, "password": null}