{"id": "gen9championsbssregma-2590085220", "format": "[Gen 9 Champions] BSS Reg M-A", "players": ["gshs5", "vhgvvhfthfny"], "log": "|j|\u2606gshs5\n|j|\u2606vhgvvhfthfny\n|t:|1776785983\n|gametype|singles\n|player|p1|gshs5|101|1136\n|player|p2|vhgvvhfthfny|rocketgrunt|1241\n|gen|9\n|tier|[Gen 9 Champions] BSS Reg M-A\n|rated|\n|rule|Species Clause: Limit one of each Pok\u00e9mon\n|rule|Item Clause: Limit 1 of each item\n|clearpoke\n|poke|p1|Venusaur, L50, M|\n|poke|p1|Hippowdon, L50, M|\n|poke|p1|Aegislash, L50, F|\n|poke|p1|Altaria, L50, F|\n|poke|p1|Rotom-Wash, L50|\n|poke|p1|Scovillain, L50, F|\n|poke|p2|Kangaskhan, L50, F|\n|poke|p2|Delphox, L50, M|\n|poke|p2|Garchomp, L50, M|\n|poke|p2|Hippowdon, L50, F|\n|poke|p2|Aegislash, L50, M|\n|poke|p2|Hydreigon, L50, F|\n|teampreview|3\n|inactive|Battle timer is ON: inactive players will automatically lose when time's up. (requested by vhgvvhfthfny)\n|\n|t:|1776786014\n|teamsize|p1|3\n|teamsize|p2|3\n|start\n|switch|p1a: Altaria|Altaria, L50, F|100/100\n|switch|p2a: Delphox|Delphox, L50, M|100/100\n|-ability|p1a: Altaria|Cloud Nine\n|turn|1\n|\n|t:|1776786021\n|detailschange|p2a: Delphox|Delphox-Mega, L50, M\n|-mega|p2a: Delphox|Delphox|Delphoxite\n|detailschange|p1a: Altaria|Altaria-Mega, L50, F\n|-mega|p1a: Altaria|Altaria|Altarianite\n|move|p2a: Delphox|Substitute|p2a: Delphox\n|-start|p2a: Delphox|Substitute\n|-damage|p2a: Delphox|76/100\n|move|p1a: Altaria|Dragon Dance|p1a: Altaria\n|-boost|p1a: Altaria|atk|1\n|-boost|p1a: Altaria|spe|1\n|\n|upkeep\n|turn|2\n|\n|t:|1776786029\n|move|p1a: Altaria|Double-Edge|p2a: Delphox\n|-resisted|p2a: Delphox|1\n|-end|p2a: Delphox|Substitute\n|-damage|p1a: Altaria|91/100|[from] Recoil|[of] p2a: Delphox\n|move|p2a: Delphox|Calm Mind|p2a: Delphox\n|-boost|p2a: Delphox|spa|1\n|-boost|p2a: Delphox|spd|1\n|\n|upkeep\n|turn|3\n|\n|t:|1776786046\n|move|p1a: Altaria|Double-Edge|p2a: Delphox\n|-resisted|p2a: Delphox|1\n|-damage|p2a: Delphox|11/100\n|-damage|p1a: Altaria|67/100|[from] Recoil\n|move|p2a: Delphox|Psychic Noise|p1a: Altaria\n|-damage|p1a: Altaria|0 fnt\n|faint|p1a: Altaria\n|\n|upkeep\n|\n|t:|1776786054\n|switch|p1a: Rotom|Rotom-Wash, L50|100/100\n|turn|4\n|\n|t:|1776786058\n|move|p2a: Delphox|Flamethrower|p1a: Rotom\n|-resisted|p1a: Rotom|1\n|-crit|p1a: Rotom\n|-damage|p1a: Rotom|45/100\n|-enditem|p1a: Rotom|Sitrus Berry|[eat]\n|-heal|p1a: Rotom|70/100|[from] item: Sitrus Berry\n|move|p1a: Rotom|Thunder Wave|p2a: Delphox\n|-status|p2a: Delphox|par\n|\n|upkeep\n|turn|5\n|\n|t:|1776786064\n|move|p1a: Rotom|Hydro Pump|p2a: Delphox\n|-supereffective|p2a: Delphox|1\n|-damage|p2a: Delphox|0 fnt\n|faint|p2a: Delphox\n|\n|upkeep\n|\n|t:|1776786069\n|switch|p2a: Aegislash|Aegislash, L50, M|100/100\n|turn|6\n|\n|t:|1776786073\n|move|p1a: Rotom|Will-O-Wisp|p2a: Aegislash\n|-status|p2a: Aegislash|brn\n|-formechange|p2a: Aegislash|Aegislash-Blade|\n|move|p2a: Aegislash|Shadow Ball|p1a: Rotom\n|-damage|p1a: Rotom|35/100\n|\n|-damage|p2a: Aegislash|95/100 brn|[from] brn\n|upkeep\n|turn|7\n|\n|t:|1776786081\n|-formechange|p2a: Aegislash|Aegislash|\n|move|p2a: Aegislash|King's Shield|p2a: Aegislash\n|-singleturn|p2a: Aegislash|Protect\n|move|p1a: Rotom|Hydro Pump|p2a: Aegislash\n|-activate|p2a: Aegislash|move: Protect\n|\n|-heal|p2a: Aegislash|100/100 brn|[from] item: Leftovers\n|-damage|p2a: Aegislash|95/100 brn|[from] brn\n|upkeep\n|turn|8\n|\n|t:|1776786090\n|move|p1a: Rotom|Hydro Pump|p2a: Aegislash\n|-damage|p2a: Aegislash|62/100 brn\n|-formechange|p2a: Aegislash|Aegislash-Blade|\n|move|p2a: Aegislash|Shadow Ball|p1a: Rotom\n|-damage|p1a: Rotom|0 fnt\n|faint|p1a: Rotom\n|\n|-heal|p2a: Aegislash|68/100 brn|[from] item: Leftovers\n|-damage|p2a: Aegislash|62/100 brn|[from] brn\n|upkeep\n|\n|t:|1776786094\n|switch|p1a: Scovillain|Scovillain, L50, F|100/100\n|turn|9\n|\n|t:|1776786102\n|move|p1a: Scovillain|Substitute|p1a: Scovillain\n|-start|p1a: Scovillain|Substitute\n|-damage|p1a: Scovillain|75/100\n|move|p2a: Aegislash|Close Combat|p1a: Scovillain\n|-end|p1a: Scovillain|Substitute\n|-unboost|p2a: Aegislash|def|1\n|-unboost|p2a: Aegislash|spd|1\n|\n|-heal|p1a: Scovillain|81/100|[from] item: Leftovers\n|-heal|p2a: Aegislash|68/100 brn|[from] item: Leftovers\n|-damage|p2a: Aegislash|62/100 brn|[from] brn\n|-ability|p1a: Scovillain|Moody|boost\n|-boost|p1a: Scovillain|atk|2\n|-unboost|p1a: Scovillain|spe|1\n|upkeep\n|turn|10\n|\n|t:|1776786114\n|move|p1a: Scovillain|Protect|p1a: Scovillain\n|-singleturn|p1a: Scovillain|Protect\n|move|p2a: Aegislash|Close Combat|p1a: Scovillain\n|-activate|p1a: Scovillain|move: Protect\n|\n|-heal|p1a: Scovillain|87/100|[from] item: Leftovers\n|-heal|p2a: Aegislash|68/100 brn|[from] item: Leftovers\n|-damage|p2a: Aegislash|62/100 brn|[from] brn\n|-ability|p1a: Scovillain|Moody|boost\n|-boost|p1a: Scovillain|spd|2\n|-unboost|p1a: Scovillain|def|1\n|upkeep\n|turn|11\n|\n|t:|1776786127\n|move|p1a: Scovillain|Substitute|p1a: Scovillain\n|-start|p1a: Scovillain|Substitute\n|-damage|p1a: Scovillain|62/100\n|move|p2a: Aegislash|Close Combat|p1a: Scovillain\n|-end|p1a: Scovillain|Substitute\n|-unboost|p2a: Aegislash|def|1\n|-unboost|p2a: Aegislash|spd|1\n|\n|-heal|p1a: Scovillain|68/100|[from] item: Leftovers\n|-heal|p2a: Aegislash|68/100 brn|[from] item: Leftovers\n|-damage|p2a: Aegislash|62/100 brn|[from] brn\n|-ability|p1a: Scovillain|Moody|boost\n|-boost|p1a: Scovillain|spe|2\n|-unboost|p1a: Scovillain|spd|1\n|upkeep\n|turn|12\n|\n|t:|1776786140\n|move|p1a: Scovillain|Substitute|p1a: Scovillain\n|-start|p1a: Scovillain|Substitute\n|-damage|p1a: Scovillain|43/100\n|move|p2a: Aegislash|Close Combat|p1a: Scovillain\n|-end|p1a: Scovillain|Substitute\n|-unboost|p2a: Aegislash|def|1\n|-unboost|p2a: Aegislash|spd|1\n|\n|-heal|p1a: Scovillain|49/100|[from] item: Leftovers\n|-heal|p2a: Aegislash|68/100 brn|[from] item: Leftovers\n|-damage|p2a: Aegislash|62/100 brn|[from] brn\n|-ability|p1a: Scovillain|Moody|boost\n|-boost|p1a: Scovillain|atk|2\n|-unboost|p1a: Scovillain|spa|1\n|upkeep\n|turn|13\n|\n|t:|1776786152\n|move|p1a: Scovillain|Protect|p1a: Scovillain\n|-singleturn|p1a: Scovillain|Protect\n|move|p2a: Aegislash|Close Combat|p1a: Scovillain\n|-activate|p1a: Scovillain|move: Protect\n|\n|-heal|p1a: Scovillain|55/100|[from] item: Leftovers\n|-heal|p2a: Aegislash|68/100 brn|[from] item: Leftovers\n|-damage|p2a: Aegislash|62/100 brn|[from] brn\n|-ability|p1a: Scovillain|Moody|boost\n|-boost|p1a: Scovillain|spe|2\n|-unboost|p1a: Scovillain|spa|1\n|upkeep\n|turn|14\n|\n|t:|1776786163\n|move|p1a: Scovillain|Substitute|p1a: Scovillain\n|-start|p1a: Scovillain|Substitute\n|-damage|p1a: Scovillain|30/100\n|move|p2a: Aegislash|Close Combat|p1a: Scovillain\n|-end|p1a: Scovillain|Substitute\n|-unboost|p2a: Aegislash|def|1\n|-unboost|p2a: Aegislash|spd|1\n|\n|-heal|p1a: Scovillain|35/100|[from] item: Leftovers\n|-heal|p2a: Aegislash|68/100 brn|[from] item: Leftovers\n|-damage|p2a: Aegislash|62/100 brn|[from] brn\n|-ability|p1a: Scovillain|Moody|boost\n|-boost|p1a: Scovillain|def|2\n|-unboost|p1a: Scovillain|spd|1\n|upkeep\n|turn|15\n|-message|vhgvvhfthfny forfeited.\n|\n|win|gshs5\n|raw|gshs5's rating: 1136 &rarr; <strong>1168</strong><br />(+32 for winning)\n|raw|vhgvvhfthfny's rating: 1241 &rarr; <strong>1209</strong><br />(-32 for losing)\n|l|\u2606vhgvvhfthfny\n|player|p2|\n", "uploadtime": 1776786177, "views": 2, "formatid": "gen9championsbssregma", "rating": 1168, "private": 0, "password": null}