{"id": "gen9championsbssregma-2591654803", "format": "[Gen 9 Champions] BSS Reg M-A", "players": ["Aver9", "GOlemicGuy"], "log": "|j|\u2606Aver9\n|j|\u2606GOlemicGuy\n|t:|1776921715\n|gametype|singles\n|player|p1|Aver9|170|1294\n|player|p2|GOlemicGuy|musician|1281\n|gen|9\n|tier|[Gen 9 Champions] BSS Reg M-A\n|rated|\n|rule|Species Clause: Limit one of each Pok\u00e9mon\n|rule|Item Clause: Limit 1 of each item\n|clearpoke\n|poke|p1|Hippowdon, L50, F|\n|poke|p1|Lucario, L50, M|\n|poke|p1|Gyarados, L50, F|\n|poke|p1|Ceruledge, L50, F|\n|poke|p1|Mimikyu, L50, F|\n|poke|p1|Meowscarada, L50, M|\n|poke|p2|Gengar, L50, M|\n|poke|p2|Gallade, L50, M|\n|poke|p2|Lopunny, L50, F|\n|poke|p2|Arcanine-Hisui, L50, F|\n|poke|p2|Serperior, L50, M|\n|poke|p2|Rotom-Wash, L50|\n|teampreview|3\n|inactive|Battle timer is ON: inactive players will automatically lose when time's up. (requested by GOlemicGuy)\n|\n|t:|1776921784\n|teamsize|p1|3\n|teamsize|p2|3\n|start\n|switch|p1a: Ceruledge|Ceruledge, L50, F|100/100\n|switch|p2a: Serperior|Serperior, L50, M|100/100\n|turn|1\n|\n|t:|1776921792\n|move|p2a: Serperior|Substitute|p2a: Serperior\n|-start|p2a: Serperior|Substitute\n|-damage|p2a: Serperior|76/100\n|move|p1a: Ceruledge|Swords Dance|p1a: Ceruledge\n|-boost|p1a: Ceruledge|atk|2\n|\n|-heal|p2a: Serperior|82/100|[from] item: Leftovers\n|upkeep\n|turn|2\n|\n|t:|1776921797\n|move|p2a: Serperior|Glare|p1a: Ceruledge\n|-status|p1a: Ceruledge|par\n|cant|p1a: Ceruledge|par\n|\n|-heal|p2a: Serperior|88/100|[from] item: Leftovers\n|upkeep\n|turn|3\n|\n|t:|1776921811\n|move|p2a: Serperior|Leaf Storm|p1a: Ceruledge\n|-resisted|p1a: Ceruledge|1\n|-damage|p1a: Ceruledge|79/100 par\n|-boost|p2a: Serperior|spa|2\n|move|p1a: Ceruledge|Bitter Blade|p2a: Serperior\n|-supereffective|p2a: Serperior|1\n|-end|p2a: Serperior|Substitute\n|-heal|p1a: Ceruledge|94/100 par|[from] drain|[of] p2a: Serperior\n|\n|-heal|p2a: Serperior|94/100|[from] item: Leftovers\n|upkeep\n|turn|4\n|\n|t:|1776921819\n|move|p2a: Serperior|Substitute|p2a: Serperior\n|-start|p2a: Serperior|Substitute\n|-damage|p2a: Serperior|69/100\n|move|p1a: Ceruledge|Bitter Blade|p2a: Serperior\n|-supereffective|p2a: Serperior|1\n|-end|p2a: Serperior|Substitute\n|-heal|p1a: Ceruledge|100/100 par|[from] drain|[of] p2a: Serperior\n|\n|-heal|p2a: Serperior|75/100|[from] item: Leftovers\n|upkeep\n|turn|5\n|\n|t:|1776921826\n|move|p2a: Serperior|Substitute|p2a: Serperior\n|-start|p2a: Serperior|Substitute\n|-damage|p2a: Serperior|50/100\n|move|p1a: Ceruledge|Bitter Blade|p2a: Serperior\n|-supereffective|p2a: Serperior|1\n|-end|p2a: Serperior|Substitute\n|\n|-heal|p2a: Serperior|57/100|[from] item: Leftovers\n|upkeep\n|turn|6\n|\n|t:|1776921833\n|move|p2a: Serperior|Substitute|p2a: Serperior\n|-start|p2a: Serperior|Substitute\n|-damage|p2a: Serperior|32/100\n|move|p1a: Ceruledge|Bitter Blade|p2a: Serperior\n|-supereffective|p2a: Serperior|1\n|-end|p2a: Serperior|Substitute\n|\n|-heal|p2a: Serperior|38/100|[from] item: Leftovers\n|upkeep\n|turn|7\n|\n|t:|1776921840\n|move|p2a: Serperior|Substitute|p2a: Serperior\n|-start|p2a: Serperior|Substitute\n|-damage|p2a: Serperior|13/100\n|move|p1a: Ceruledge|Bitter Blade|p2a: Serperior\n|-supereffective|p2a: Serperior|1\n|-end|p2a: Serperior|Substitute\n|\n|-heal|p2a: Serperior|19/100|[from] item: Leftovers\n|upkeep\n|turn|8\n|\n|t:|1776921843\n|move|p1a: Ceruledge|Shadow Sneak|p2a: Serperior\n|-damage|p2a: Serperior|0 fnt\n|faint|p2a: Serperior\n|\n|upkeep\n|\n|t:|1776921846\n|switch|p2a: Lopunny|Lopunny, L50, F|100/100\n|turn|9\n|\n|t:|1776921856\n|detailschange|p2a: Lopunny|Lopunny-Mega, L50, F\n|-mega|p2a: Lopunny|Lopunny|Lopunnite\n|move|p2a: Lopunny|Fake Out|p1a: Ceruledge\n|-damage|p1a: Ceruledge|67/100 par\n|-ability|p1a: Ceruledge|Weak Armor|boost\n|-unboost|p1a: Ceruledge|def|1\n|-boost|p1a: Ceruledge|spe|2\n|cant|p1a: Ceruledge|flinch\n|\n|upkeep\n|turn|10\n|j| Esslinger\n|\n|t:|1776921865\n|move|p2a: Lopunny|Close Combat|p1a: Ceruledge\n|-damage|p1a: Ceruledge|0 fnt\n|-unboost|p2a: Lopunny|def|1\n|-unboost|p2a: Lopunny|spd|1\n|faint|p1a: Ceruledge\n|\n|upkeep\n|\n|t:|1776921869\n|switch|p1a: Hippowdon|Hippowdon, L50, F|100/100\n|-weather|Sandstorm|[from] ability: Sand Stream|[of] p1a: Hippowdon\n|turn|11\n|\n|t:|1776921873\n|move|p2a: Lopunny|Triple Axel|p1a: Hippowdon\n|-supereffective|p1a: Hippowdon|1\n|-damage|p1a: Hippowdon|91/100\n|-supereffective|p1a: Hippowdon|1\n|-crit|p1a: Hippowdon\n|-damage|p1a: Hippowdon|65/100\n|-supereffective|p1a: Hippowdon|1\n|-damage|p1a: Hippowdon|37/100\n|-enditem|p1a: Hippowdon|Sitrus Berry|[eat]\n|-heal|p1a: Hippowdon|62/100|[from] item: Sitrus Berry\n|-hitcount|p1a: Hippowdon|3\n|move|p1a: Hippowdon|Yawn|p2a: Lopunny\n|-start|p2a: Lopunny|move: Yawn|[of] p1a: Hippowdon\n|\n|-weather|Sandstorm|[upkeep]\n|-damage|p2a: Lopunny|95/100|[from] Sandstorm\n|upkeep\n|turn|12\n|\n|t:|1776921878\n|switch|p2a: Gallade|Gallade, L50, M|100/100\n|move|p1a: Hippowdon|Stealth Rock|p2a: Gallade\n|-sidestart|p2: GOlemicGuy|move: Stealth Rock\n|\n|-weather|Sandstorm|[upkeep]\n|-damage|p2a: Gallade|94/100|[from] Sandstorm\n|upkeep\n|turn|13\n|\n|t:|1776921881\n|move|p2a: Gallade|Leaf Blade|p1a: Hippowdon\n|-supereffective|p1a: Hippowdon|1\n|-damage|p1a: Hippowdon|14/100\n|move|p1a: Hippowdon|Yawn|p2a: Gallade\n|-start|p2a: Gallade|move: Yawn|[of] p1a: Hippowdon\n|\n|-weather|Sandstorm|[upkeep]\n|-damage|p2a: Gallade|88/100|[from] Sandstorm\n|upkeep\n|turn|14\n|\n|t:|1776921885\n|switch|p2a: Lopunny|Lopunny-Mega, L50, F|95/100\n|-damage|p2a: Lopunny|89/100|[from] Stealth Rock\n|move|p1a: Hippowdon|Yawn|p2a: Lopunny\n|-start|p2a: Lopunny|move: Yawn|[of] p1a: Hippowdon\n|\n|-weather|Sandstorm|[upkeep]\n|-damage|p2a: Lopunny|84/100|[from] Sandstorm\n|upkeep\n|turn|15\n|\n|t:|1776921887\n|switch|p2a: Gallade|Gallade, L50, M|88/100\n|-damage|p2a: Gallade|82/100|[from] Stealth Rock\n|move|p1a: Hippowdon|Yawn|p2a: Gallade\n|-start|p2a: Gallade|move: Yawn|[of] p1a: Hippowdon\n|\n|-weather|none\n|upkeep\n|turn|16\n|\n|t:|1776921889\n|switch|p2a: Lopunny|Lopunny-Mega, L50, F|84/100\n|-damage|p2a: Lopunny|78/100|[from] Stealth Rock\n|move|p1a: Hippowdon|Yawn|p2a: Lopunny\n|-start|p2a: Lopunny|move: Yawn|[of] p1a: Hippowdon\n|\n|upkeep\n|turn|17\n|\n|t:|1776921892\n|switch|p2a: Gallade|Gallade, L50, M|82/100\n|-damage|p2a: Gallade|76/100|[from] Stealth Rock\n|move|p1a: Hippowdon|Yawn|p2a: Gallade\n|-start|p2a: Gallade|move: Yawn|[of] p1a: Hippowdon\n|\n|upkeep\n|turn|18\n|\n|t:|1776921897\n|move|p2a: Gallade|Leaf Blade|p1a: Hippowdon\n|-supereffective|p1a: Hippowdon|1\n|-damage|p1a: Hippowdon|0 fnt\n|faint|p1a: Hippowdon\n|\n|-end|p2a: Gallade|move: Yawn|[silent]\n|-status|p2a: Gallade|slp\n|upkeep\n|\n|t:|1776921900\n|switch|p1a: Lucario|Lucario, L50, M|100/100\n|turn|19\n|\n|t:|1776921904\n|detailschange|p1a: Lucario|Lucario-Mega, L50, M\n|-mega|p1a: Lucario|Lucario|Lucarionite\n|cant|p2a: Gallade|slp\n|move|p1a: Lucario|Swords Dance|p1a: Lucario\n|-boost|p1a: Lucario|atk|2\n|\n|upkeep\n|turn|20\n|\n|t:|1776921919\n|cant|p2a: Gallade|slp\n|move|p1a: Lucario|Meteor Mash|p2a: Gallade\n|-damage|p2a: Gallade|0 fnt\n|faint|p2a: Gallade\n|\n|upkeep\n|\n|t:|1776921921\n|switch|p2a: Lopunny|Lopunny-Mega, L50, F|78/100\n|-damage|p2a: Lopunny|72/100|[from] Stealth Rock\n|turn|21\n|\n|t:|1776921932\n|move|p2a: Lopunny|Fake Out|p1a: Lucario\n|-resisted|p1a: Lucario|1\n|-damage|p1a: Lucario|86/100\n|cant|p1a: Lucario|flinch\n|\n|upkeep\n|turn|22\n|\n|t:|1776921935\n|move|p1a: Lucario|Extreme Speed|p2a: Lopunny\n|-damage|p2a: Lopunny|0 fnt\n|faint|p2a: Lopunny\n|\n|win|Aver9\n|raw|Aver9's rating: 1294 &rarr; <strong>1320</strong><br />(+26 for winning)\n|raw|GOlemicGuy's rating: 1312 &rarr; <strong>1291</strong><br />(-21 for losing)\n|l|\u2606GOlemicGuy\n|player|p2|\n|l|\u2606Aver9\n|player|p1|\n", "uploadtime": 1776921972, "views": 5, "formatid": "gen9championsbssregma", "rating": 1291, "private": 0, "password": null}