{"id": "gen9championsbssregma-2593166823", "format": "[Gen 9 Champions] BSS Reg M-A", "players": ["bobo junior", "boi in the back"], "log": "|j|\u2606bobo junior\n|j|\u2606boi in the back\n|t:|1777057582\n|gametype|singles\n|player|p1|bobo junior|marshal|1312\n|player|p2|boi in the back|jacinthe|1285\n|gen|9\n|tier|[Gen 9 Champions] BSS Reg M-A\n|rated|\n|rule|Species Clause: Limit one of each Pok\u00e9mon\n|rule|Item Clause: Limit 1 of each item\n|clearpoke\n|poke|p1|Garchomp, L50, M|\n|poke|p1|Kingambit, L50, M|\n|poke|p1|Aerodactyl, L50, M|\n|poke|p1|Primarina, L50, F|\n|poke|p1|Meowscarada, L50, F|\n|poke|p1|Gengar, L50, M|\n|poke|p2|Meganium, L50, M, shiny|\n|poke|p2|Garchomp, L50, F|\n|poke|p2|Lucario, L50, M|\n|poke|p2|Kingambit, L50, F|\n|poke|p2|Volcarona, L50, M, shiny|\n|poke|p2|Gengar, L50, F|\n|teampreview|3\n|inactive|Battle timer is ON: inactive players will automatically lose when time's up. (requested by boi in the back)\n|inactive|bobo junior has 60 seconds left.\n|inactive|boi in the back has 60 seconds left.\n|\n|t:|1777057620\n|teamsize|p1|3\n|teamsize|p2|3\n|start\n|switch|p1a: Garchomp|Garchomp, L50, M|100/100\n|switch|p2a: Garchomp|Garchomp, L50, F|100/100\n|turn|1\n|\n|t:|1777057629\n|move|p2a: Garchomp|Outrage|p1a: Garchomp\n|-supereffective|p1a: Garchomp|1\n|-damage|p1a: Garchomp|0 fnt\n|-damage|p2a: Garchomp|88/100|[from] ability: Rough Skin|[of] p1a: Garchomp\n|faint|p1a: Garchomp\n|\n|upkeep\n|\n|t:|1777057633\n|switch|p1a: Gengar|Gengar, L50, M|100/100\n|turn|2\n|\n|t:|1777057637\n|move|p2a: Garchomp|Outrage|p1a: Gengar|[from] lockedmove\n|-damage|p1a: Gengar|0 fnt\n|faint|p1a: Gengar\n|-start|p2a: Garchomp|confusion|[fatigue]\n|\n|upkeep\n|\n|t:|1777057640\n|switch|p1a: Aerodactyl|Aerodactyl, L50, M|100/100\n|-ability|p1a: Aerodactyl|Unnerve\n|turn|3\n|\n|t:|1777057643\n|detailschange|p1a: Aerodactyl|Aerodactyl-Mega, L50, M\n|-mega|p1a: Aerodactyl|Aerodactyl|Aerodactylite\n|-activate|p2a: Garchomp|confusion\n|-damage|p2a: Garchomp|72/100|[from] confusion\n|move|p1a: Aerodactyl|Dragon Dance|p1a: Aerodactyl\n|-boost|p1a: Aerodactyl|atk|1\n|-boost|p1a: Aerodactyl|spe|1\n|\n|upkeep\n|turn|4\n|\n|t:|1777057647\n|move|p1a: Aerodactyl|Dragon Dance|p1a: Aerodactyl\n|-boost|p1a: Aerodactyl|atk|1\n|-boost|p1a: Aerodactyl|spe|1\n|-activate|p2a: Garchomp|confusion\n|move|p2a: Garchomp|Outrage|p1a: Aerodactyl\n|-damage|p1a: Aerodactyl|17/100\n|\n|upkeep\n|turn|5\n|\n|t:|1777057653\n|move|p1a: Aerodactyl|Earthquake|p2a: Garchomp\n|-damage|p2a: Garchomp|0 fnt\n|faint|p2a: Garchomp\n|\n|upkeep\n|\n|t:|1777057655\n|switch|p2a: Kingambit|Kingambit, L50, F|100/100\n|turn|6\n|\n|t:|1777057658\n|move|p2a: Kingambit|Sucker Punch||[still]\n|-fail|p2a: Kingambit\n|move|p1a: Aerodactyl|Dragon Dance|p1a: Aerodactyl\n|-boost|p1a: Aerodactyl|atk|1\n|-boost|p1a: Aerodactyl|spe|1\n|\n|upkeep\n|turn|7\n|\n|t:|1777057659\n|move|p2a: Kingambit|Sucker Punch||[still]\n|-fail|p2a: Kingambit\n|move|p1a: Aerodactyl|Dragon Dance|p1a: Aerodactyl\n|-boost|p1a: Aerodactyl|atk|1\n|-boost|p1a: Aerodactyl|spe|1\n|\n|upkeep\n|turn|8\n|\n|t:|1777057661\n|move|p2a: Kingambit|Sucker Punch||[still]\n|-fail|p2a: Kingambit\n|move|p1a: Aerodactyl|Dragon Dance|p1a: Aerodactyl\n|-boost|p1a: Aerodactyl|atk|1\n|-boost|p1a: Aerodactyl|spe|1\n|\n|upkeep\n|turn|9\n|\n|t:|1777057663\n|move|p1a: Aerodactyl|Dragon Dance|p1a: Aerodactyl\n|-boost|p1a: Aerodactyl|atk|1\n|-boost|p1a: Aerodactyl|spe|1\n|move|p2a: Kingambit|Iron Head|p1a: Aerodactyl\n|-supereffective|p1a: Aerodactyl|1\n|-damage|p1a: Aerodactyl|0 fnt\n|faint|p1a: Aerodactyl\n|\n|win|boi in the back\n|raw|bobo junior's rating: 1312 &rarr; <strong>1289</strong><br />(-23 for losing)\n|raw|boi in the back's rating: 1257 &rarr; <strong>1286</strong><br />(+29 for winning)\n", "uploadtime": 1777057665, "views": 2, "formatid": "gen9championsbssregma", "rating": 1286, "private": 0, "password": null}