{"id": "gen9championsbssregma-2591548790", "format": "[Gen 9 Champions] BSS Reg M-A", "players": ["Sn0rlaxmain", "Robeadminchiam"], "log": "|j|\u2606Sn0rlaxmain\n|j|\u2606Robeadminchiam\n|t:|1776910194\n|gametype|singles\n|player|p1|Sn0rlaxmain|101|1225\n|player|p2|Robeadminchiam|lucas|1235\n|gen|9\n|tier|[Gen 9 Champions] BSS Reg M-A\n|rated|\n|rule|Species Clause: Limit one of each Pok\u00e9mon\n|rule|Item Clause: Limit 1 of each item\n|clearpoke\n|poke|p1|Victreebel, L50, F|\n|poke|p1|Garchomp, L50, F|\n|poke|p1|Aegislash, L50, F|\n|poke|p1|Clefable, L50, F|\n|poke|p1|Primarina, L50, M|\n|poke|p1|Glimmora, L50, M|\n|poke|p2|Orthworm, L50, F|\n|poke|p2|Polteageist, L50|\n|poke|p2|Floette-Eternal, L50, F|\n|poke|p2|Espeon, L50, F|\n|poke|p2|Quaquaval, L50, F|\n|poke|p2|Clefable, L50, F|\n|teampreview|3\n|\n|t:|1776910211\n|teamsize|p1|3\n|teamsize|p2|3\n|start\n|switch|p1a: Glimmora|Glimmora, L50, M|100/100\n|switch|p2a: Orthworm|Orthworm, L50, F|100/100\n|turn|1\n|inactive|Battle timer is ON: inactive players will automatically lose when time's up. (requested by Sn0rlaxmain)\n|\n|t:|1776910222\n|switch|p1a: Aegislash|Aegislash, L50, F|100/100\n|move|p2a: Orthworm|Body Press|p1a: Aegislash\n|-immune|p1a: Aegislash\n|\n|upkeep\n|turn|2\n|\n|t:|1776910229\n|move|p1a: Aegislash|Swords Dance|p1a: Aegislash\n|-boost|p1a: Aegislash|atk|2\n|move|p2a: Orthworm|Shed Tail|p2a: Orthworm\n|-start|p2a: Orthworm|Substitute|[from] move: Shed Tail\n|-damage|p2a: Orthworm|50/100\n|-enditem|p2a: Orthworm|Sitrus Berry|[eat]\n|-heal|p2a: Orthworm|75/100|[from] item: Sitrus Berry\n|\n|t:|1776910231\n|switch|p2a: Polteageist|Polteageist, L50|100/100|[from] Shed Tail\n|\n|upkeep\n|turn|3\n|\n|t:|1776910233\n|move|p2a: Polteageist|Shadow Ball|p1a: Aegislash\n|-supereffective|p1a: Aegislash|1\n|-damage|p1a: Aegislash|22/100\n|-formechange|p1a: Aegislash|Aegislash-Blade|\n|move|p1a: Aegislash|Poltergeist|p2a: Polteageist\n|-activate|p2a: Polteageist|move: Poltergeist|White Herb\n|-supereffective|p2a: Polteageist|1\n|-end|p2a: Polteageist|Substitute\n|\n|upkeep\n|turn|4\n|\n|t:|1776910238\n|switch|p2a: Orthworm|Orthworm, L50, F|75/100\n|move|p1a: Aegislash|Shadow Sneak|p2a: Orthworm\n|-crit|p2a: Orthworm\n|-damage|p2a: Orthworm|22/100\n|\n|upkeep\n|turn|5\n|\n|t:|1776910244\n|move|p1a: Aegislash|Shadow Sneak|p2a: Orthworm\n|-damage|p2a: Orthworm|0 fnt\n|faint|p2a: Orthworm\n|\n|upkeep\n|\n|t:|1776910246\n|switch|p2a: Floette|Floette-Eternal, L50, F|100/100\n|turn|6\n|\n|t:|1776910249\n|detailschange|p2a: Floette|Floette-Mega, L50, F\n|-mega|p2a: Floette|Floette|Floettite\n|-ability|p2a: Floette|Fairy Aura\n|move|p1a: Aegislash|Shadow Sneak|p2a: Floette\n|-damage|p2a: Floette|32/100\n|move|p2a: Floette|Moonblast|p1a: Aegislash\n|-resisted|p1a: Aegislash|1\n|-damage|p1a: Aegislash|0 fnt\n|faint|p1a: Aegislash\n|\n|upkeep\n|\n|t:|1776910253\n|switch|p1a: Glimmora|Glimmora, L50, M|100/100\n|turn|7\n|\n|t:|1776910256\n|switch|p2a: Polteageist|Polteageist, L50|100/100\n|detailschange|p1a: Glimmora|Glimmora-Mega, L50, M\n|-mega|p1a: Glimmora|Glimmora|Glimmoranite\n|move|p1a: Glimmora|Sludge Wave|p2a: Polteageist\n|-resisted|p2a: Polteageist|1\n|-damage|p2a: Polteageist|58/100\n|-status|p2a: Polteageist|psn\n|\n|-damage|p2a: Polteageist|46/100 psn|[from] psn\n|upkeep\n|turn|8\n|\n|t:|1776910261\n|move|p1a: Glimmora|Sludge Wave|p2a: Polteageist\n|-resisted|p2a: Polteageist|1\n|-damage|p2a: Polteageist|4/100 psn\n|move|p2a: Polteageist|Shell Smash|p2a: Polteageist\n|-unboost|p2a: Polteageist|def|1\n|-unboost|p2a: Polteageist|spd|1\n|-boost|p2a: Polteageist|atk|2\n|-boost|p2a: Polteageist|spa|2\n|-boost|p2a: Polteageist|spe|2\n|-enditem|p2a: Polteageist|White Herb\n|-clearnegativeboost|p2a: Polteageist|[silent]\n|\n|-damage|p2a: Polteageist|0 fnt|[from] psn\n|faint|p2a: Polteageist\n|upkeep\n|-message|Robeadminchiam forfeited.\n|\n|win|Sn0rlaxmain\n|raw|Sn0rlaxmain's rating: 1225 &rarr; <strong>1251</strong><br />(+26 for winning)\n|raw|Robeadminchiam's rating: 1235 &rarr; <strong>1209</strong><br />(-26 for losing)\n|l|\u2606Robeadminchiam\n|player|p2|\n", "uploadtime": 1776910279, "views": 15, "formatid": "gen9championsbssregma", "rating": 1209, "private": 0, "password": null}