{"id": "gen9championsbssregma-2593580197", "format": "[Gen 9 Champions] BSS Reg M-A", "players": ["zhiyongyici", "aredayoiku"], "log": "|j|\u2606zhiyongyici\n|j|\u2606aredayoiku\n|t:|1777099979\n|gametype|singles\n|player|p1|zhiyongyici|clerk|1292\n|player|p2|aredayoiku|169|1259\n|gen|9\n|tier|[Gen 9 Champions] BSS Reg M-A\n|rated|\n|rule|Species Clause: Limit one of each Pok\u00e9mon\n|rule|Item Clause: Limit 1 of each item\n|clearpoke\n|poke|p1|Starmie, L50|\n|poke|p1|Dragonite, L50, F|\n|poke|p1|Dragapult, L50, M|\n|poke|p1|Camerupt, L50, F|\n|poke|p1|Primarina, L50, M|\n|poke|p1|Sneasler, L50, M|\n|poke|p2|Gengar, L50, F|\n|poke|p2|Garchomp, L50, M|\n|poke|p2|Volcarona, L50, M|\n|poke|p2|Clefable, L50, F|\n|poke|p2|Archaludon, L50, F|\n|poke|p2|Greninja, L50, F|\n|teampreview|3\n|\n|t:|1777100068\n|teamsize|p1|3\n|teamsize|p2|3\n|start\n|switch|p1a: Dragapult|Dragapult, L50, M|100/100\n|switch|p2a: Garchomp|Garchomp, L50, M|100/100\n|turn|1\n|\n|t:|1777100088\n|switch|p2a: Clefable|Clefable, L50, F|100/100\n|move|p1a: Dragapult|Dragon Darts|p2a: Clefable\n|-immune|p2a: Clefable\n|\n|upkeep\n|turn|2\n|l|\u2606aredayoiku\n|player|p2|\n|inactive|Battle timer is ON: inactive players will automatically lose when time's up. (requested by zhiyongyici)\n|j|\u2606aredayoiku\n|inactive|aredayoiku reconnected and has 90 seconds left.\n|player|p2|aredayoiku|169|\n|\n|t:|1777100128\n|detailschange|p2a: Clefable|Clefable-Mega, L50, F\n|-mega|p2a: Clefable|Clefable|Clefablite\n|move|p1a: Dragapult|Steel Wing|p2a: Clefable|[miss]\n|-miss|p1a: Dragapult|p2a: Clefable\n|move|p2a: Clefable|Moonblast|p1a: Dragapult\n|-supereffective|p1a: Dragapult|1\n|-enditem|p1a: Dragapult|Focus Sash\n|-damage|p1a: Dragapult|1/100\n|\n|upkeep\n|turn|3\n|c|\u2606zhiyongyici|Where have you been?\n|\n|t:|1777100147\n|move|p1a: Dragapult|Steel Wing|p2a: Clefable\n|-supereffective|p2a: Clefable|1\n|-damage|p2a: Clefable|68/100\n|move|p2a: Clefable|Flamethrower|p1a: Dragapult\n|-resisted|p1a: Dragapult|1\n|-damage|p1a: Dragapult|0 fnt\n|faint|p1a: Dragapult\n|\n|upkeep\n|\n|t:|1777100150\n|switch|p1a: Sneasler|Sneasler, L50, M|100/100\n|turn|4\n|inactive|aredayoiku has 30 seconds left.\n|inactive|aredayoiku has 20 seconds left.\n|inactive|aredayoiku has 15 seconds left.\n|\n|t:|1777100192\n|switch|p2a: Garchomp|Garchomp, L50, M|100/100\n|move|p1a: Sneasler|Substitute|p1a: Sneasler\n|-start|p1a: Sneasler|Substitute\n|-damage|p1a: Sneasler|76/100\n|\n|upkeep\n|turn|5\n|\n|t:|1777100197\n|move|p1a: Sneasler|Swords Dance|p1a: Sneasler\n|-boost|p1a: Sneasler|atk|2\n|move|p2a: Garchomp|Scale Shot|p1a: Sneasler\n|-activate|p1a: Sneasler|move: Substitute|[damage]\n|-end|p1a: Sneasler|Substitute\n|-damage|p1a: Sneasler|54/100\n|-damage|p1a: Sneasler|30/100\n|-enditem|p1a: Sneasler|Sitrus Berry|[eat]\n|-heal|p1a: Sneasler|55/100|[from] item: Sitrus Berry\n|-damage|p1a: Sneasler|30/100\n|-hitcount|p1a: Sneasler|5\n|-unboost|p2a: Garchomp|def|1\n|-boost|p2a: Garchomp|spe|1\n|\n|upkeep\n|turn|6\n|\n|t:|1777100210\n|move|p1a: Sneasler|Close Combat|p2a: Garchomp\n|-damage|p2a: Garchomp|0 fnt\n|-unboost|p1a: Sneasler|def|1\n|-unboost|p1a: Sneasler|spd|1\n|-damage|p1a: Sneasler|17/100|[from] ability: Rough Skin|[of] p2a: Garchomp\n|faint|p2a: Garchomp\n|\n|upkeep\n|inactive|aredayoiku has 30 seconds left.\n|inactive|aredayoiku has 20 seconds left.\n|-message|aredayoiku forfeited.\n|\n|win|zhiyongyici\n|raw|zhiyongyici's rating: 1292 &rarr; <strong>1313</strong><br />(+21 for winning)\n|raw|aredayoiku's rating: 1236 &rarr; <strong>1215</strong><br />(-21 for losing)\n|l|\u2606aredayoiku\n|player|p2|\n", "uploadtime": 1777100250, "views": 4, "formatid": "gen9championsbssregma", "rating": 1215, "private": 0, "password": null}