{"id": "gen9championsbssregma-2592835801", "format": "[Gen 9 Champions] BSS Reg M-A", "players": ["paisar", "harap"], "log": "|j|\u2606paisar\n|j|\u2606harap\n|t:|1777033971\n|gametype|singles\n|player|p1|paisar|169|1313\n|player|p2|harap|265|1358\n|gen|9\n|tier|[Gen 9 Champions] BSS Reg M-A\n|rated|\n|rule|Species Clause: Limit one of each Pok\u00e9mon\n|rule|Item Clause: Limit 1 of each item\n|clearpoke\n|poke|p1|Delphox, L50, F|\n|poke|p1|Scizor, L50, M|\n|poke|p1|Primarina, L50, M, shiny|\n|poke|p1|Mimikyu, L50, F|\n|poke|p1|Rotom-Wash, L50|\n|poke|p1|Garchomp, L50, F|\n|poke|p2|Ampharos, L50, F|\n|poke|p2|Scizor, L50, M|\n|poke|p2|Feraligatr, L50, M|\n|poke|p2|Slowking-Galar, L50, F|\n|poke|p2|Umbreon, L50, F|\n|poke|p2|Skarmory, L50, F|\n|teampreview|3\n|\n|t:|1777034010\n|teamsize|p1|3\n|teamsize|p2|3\n|start\n|switch|p1a: Primarina|Primarina, L50, M, shiny|100/100\n|switch|p2a: Slowking|Slowking-Galar, L50, F|100/100\n|turn|1\n|inactive|Battle timer is ON: inactive players will automatically lose when time's up. (requested by paisar)\n|\n|t:|1777034028\n|move|p1a: Primarina|Misty Terrain|p1a: Primarina\n|-fieldstart|move: Misty Terrain\n|move|p2a: Slowking|Trick Room|p2a: Slowking\n|-fieldstart|move: Trick Room|[of] p2a: Slowking\n|\n|upkeep\n|turn|2\n|\n|t:|1777034033\n|move|p2a: Slowking|Psychic Noise|p1a: Primarina\n|-damage|p1a: Primarina|68/100\n|-start|p1a: Primarina|move: Heal Block\n|move|p1a: Primarina|Encore|p2a: Slowking\n|-start|p2a: Slowking|Encore\n|\n|upkeep\n|turn|3\n|\n|t:|1777034045\n|move|p2a: Slowking|Psychic Noise|p1a: Primarina\n|-crit|p1a: Primarina\n|-damage|p1a: Primarina|17/100\n|move|p1a: Primarina|Sparkling Aria|p2a: Slowking\n|-damage|p2a: Slowking|50/100\n|\n|-end|p1a: Primarina|move: Heal Block\n|upkeep\n|turn|4\n|\n|t:|1777034059\n|switch|p1a: Delphox|Delphox, L50, F|100/100\n|move|p2a: Slowking|Psychic Noise|p1a: Delphox\n|-resisted|p1a: Delphox|1\n|-damage|p1a: Delphox|79/100\n|-start|p1a: Delphox|move: Heal Block\n|\n|upkeep\n|turn|5\n|\n|t:|1777034070\n|switch|p2a: Umbreon|Umbreon, L50, F|100/100\n|detailschange|p1a: Delphox|Delphox-Mega, L50, F\n|-mega|p1a: Delphox|Delphox|Delphoxite\n|move|p1a: Delphox|Psyshock|p2a: Umbreon\n|-immune|p2a: Umbreon\n|\n|-end|p1a: Delphox|move: Heal Block\n|-fieldend|move: Trick Room\n|-fieldend|Misty Terrain\n|upkeep\n|turn|6\n|\n|t:|1777034084\n|move|p1a: Delphox|Substitute|p1a: Delphox\n|-start|p1a: Delphox|Substitute\n|-damage|p1a: Delphox|54/100\n|move|p2a: Umbreon|Foul Play|p1a: Delphox\n|-supereffective|p1a: Delphox|1\n|-end|p1a: Delphox|Substitute\n|\n|upkeep\n|turn|7\n|\n|t:|1777034091\n|switch|p1a: Primarina|Primarina, L50, M, shiny|17/100\n|move|p2a: Umbreon|Foul Play|p1a: Primarina\n|-resisted|p1a: Primarina|1\n|-damage|p1a: Primarina|4/100\n|\n|-heal|p1a: Primarina|10/100|[from] item: Leftovers\n|upkeep\n|turn|8\n|\n|t:|1777034103\n|move|p1a: Primarina|Sparkling Aria|p2a: Umbreon\n|-damage|p2a: Umbreon|55/100\n|move|p2a: Umbreon|Foul Play|p1a: Primarina\n|-resisted|p1a: Primarina|1\n|-damage|p1a: Primarina|0 fnt\n|faint|p1a: Primarina\n|\n|-heal|p2a: Umbreon|61/100|[from] item: Leftovers\n|upkeep\n|\n|t:|1777034108\n|switch|p1a: Mimikyu|Mimikyu, L50, F|100/100\n|turn|9\n|\n|t:|1777034130\n|move|p1a: Mimikyu|Swords Dance|p1a: Mimikyu\n|-boost|p1a: Mimikyu|atk|2\n|move|p2a: Umbreon|Toxic|p1a: Mimikyu\n|-status|p1a: Mimikyu|tox\n|-enditem|p1a: Mimikyu|Lum Berry|[eat]\n|-curestatus|p1a: Mimikyu|tox|[msg]\n|\n|-heal|p2a: Umbreon|67/100|[from] item: Leftovers\n|upkeep\n|turn|10\n|\n|t:|1777034149\n|switch|p2a: Slowking|Slowking-Galar, L50, F|83/100\n|move|p1a: Mimikyu|Play Rough|p2a: Slowking\n|-resisted|p2a: Slowking|1\n|-damage|p2a: Slowking|44/100\n|\n|upkeep\n|turn|11\n|\n|t:|1777034157\n|switch|p2a: Umbreon|Umbreon, L50, F|67/100\n|move|p1a: Mimikyu|Shadow Sneak|p2a: Umbreon\n|-resisted|p2a: Umbreon|1\n|-damage|p2a: Umbreon|57/100\n|\n|-heal|p2a: Umbreon|63/100|[from] item: Leftovers\n|upkeep\n|turn|12\n|\n|t:|1777034167\n|move|p1a: Mimikyu|Play Rough|p2a: Umbreon\n|-supereffective|p2a: Umbreon|1\n|-damage|p2a: Umbreon|0 fnt\n|faint|p2a: Umbreon\n|\n|upkeep\n|\n|t:|1777034173\n|switch|p2a: Slowking|Slowking-Galar, L50, F|77/100\n|turn|13\n|\n|t:|1777034180\n|move|p1a: Mimikyu|Shadow Sneak|p2a: Slowking\n|-supereffective|p2a: Slowking|1\n|-damage|p2a: Slowking|4/100\n|move|p2a: Slowking|Trick Room|p2a: Slowking\n|-fieldstart|move: Trick Room|[of] p2a: Slowking\n|\n|upkeep\n|turn|14\n|\n|t:|1777034187\n|switch|p2a: Ampharos|Ampharos, L50, F|100/100\n|move|p1a: Mimikyu|Shadow Sneak|p2a: Ampharos\n|-damage|p2a: Ampharos|62/100\n|-status|p1a: Mimikyu|par|[from] ability: Static|[of] p2a: Ampharos\n|\n|upkeep\n|turn|15\n|\n|t:|1777034202\n|detailschange|p2a: Ampharos|Ampharos-Mega, L50, F\n|-mega|p2a: Ampharos|Ampharos|Ampharosite\n|-ability|p2a: Ampharos|Mold Breaker\n|move|p1a: Mimikyu|Play Rough|p2a: Ampharos\n|-supereffective|p2a: Ampharos|1\n|-damage|p2a: Ampharos|0 fnt\n|faint|p2a: Ampharos\n|\n|upkeep\n|-message|harap forfeited.\n|\n|win|paisar\n|raw|paisar's rating: 1313 &rarr; <strong>1336</strong><br />(+23 for winning)\n|raw|harap's rating: 1358 &rarr; <strong>1335</strong><br />(-23 for losing)\n|l|\u2606harap\n|player|p2|\n", "uploadtime": 1777034213, "views": 14, "formatid": "gen9championsbssregma", "rating": 1335, "private": 0, "password": null}