{"id": "gen9championsbssregma-2590767240", "format": "[Gen 9 Champions] BSS Reg M-A", "players": ["maxibg", "Gshs5"], "log": "|j|\u2606maxibg\n|j|\u2606Gshs5\n|t:|1776845033\n|gametype|singles\n|player|p1|maxibg|266|1339\n|player|p2|Gshs5|266|1252\n|gen|9\n|tier|[Gen 9 Champions] BSS Reg M-A\n|rated|\n|rule|Species Clause: Limit one of each Pok\u00e9mon\n|rule|Item Clause: Limit 1 of each item\n|clearpoke\n|poke|p1|Primarina, L50, M|\n|poke|p1|Scizor, L50, M|\n|poke|p1|Dragonite, L50, F|\n|poke|p1|Hatterene, L50, F|\n|poke|p1|Basculegion, L50, M|\n|poke|p1|Garchomp, L50, M|\n|poke|p2|Scovillain, L50, M|\n|poke|p2|Venusaur, L50, F|\n|poke|p2|Altaria, L50, M|\n|poke|p2|Rotom-Wash, L50|\n|poke|p2|Hippowdon, L50, M|\n|poke|p2|Aegislash, L50, F|\n|teampreview|3\n|\n|t:|1776845057\n|teamsize|p1|3\n|teamsize|p2|3\n|start\n|switch|p1a: Garchomp|Garchomp, L50, M|100/100\n|switch|p2a: Aegislash|Aegislash, L50, F|100/100\n|turn|1\n|inactive|Battle timer is ON: inactive players will automatically lose when time's up. (requested by maxibg)\n|\n|t:|1776845064\n|move|p1a: Garchomp|Stealth Rock|p2a: Aegislash\n|-sidestart|p2: Gshs5|move: Stealth Rock\n|-formechange|p2a: Aegislash|Aegislash-Blade|\n|move|p2a: Aegislash|Shadow Ball|p1a: Garchomp\n|-damage|p1a: Garchomp|51/100\n|-unboost|p1a: Garchomp|spd|1\n|\n|upkeep\n|turn|2\n|\n|t:|1776845068\n|move|p1a: Garchomp|Earthquake|p2a: Aegislash\n|-supereffective|p2a: Aegislash|1\n|-enditem|p2a: Aegislash|Focus Sash\n|-damage|p2a: Aegislash|1/100\n|move|p2a: Aegislash|Shadow Ball|p1a: Garchomp\n|-damage|p1a: Garchomp|0 fnt\n|faint|p1a: Garchomp\n|\n|upkeep\n|\n|t:|1776845077\n|switch|p1a: Dragonite|Dragonite, L50, F|100/100\n|turn|3\n|\n|t:|1776845086\n|detailschange|p1a: Dragonite|Dragonite-Mega, L50, F\n|-mega|p1a: Dragonite|Dragonite|Dragoninite\n|move|p2a: Aegislash|Shadow Sneak|p1a: Dragonite\n|-damage|p1a: Dragonite|92/100\n|move|p1a: Dragonite|Dragon Pulse|p2a: Aegislash\n|-resisted|p2a: Aegislash|1\n|-damage|p2a: Aegislash|0 fnt\n|faint|p2a: Aegislash\n|\n|upkeep\n|\n|t:|1776845092\n|switch|p2a: Altaria|Altaria, L50, M|100/100\n|-damage|p2a: Altaria|76/100|[from] Stealth Rock\n|-ability|p2a: Altaria|Cloud Nine\n|turn|4\n|inactive|maxibg has 30 seconds left.\n|\n|t:|1776845125\n|switch|p1a: Hatterene|Hatterene, L50, F|100/100\n|detailschange|p2a: Altaria|Altaria-Mega, L50, M\n|-mega|p2a: Altaria|Altaria|Altarianite\n|move|p2a: Altaria|Dragon Dance|p2a: Altaria\n|-boost|p2a: Altaria|atk|1\n|-boost|p2a: Altaria|spe|1\n|\n|upkeep\n|turn|5\n|\n|t:|1776845132\n|move|p2a: Altaria|Double-Edge|p1a: Hatterene\n|-damage|p1a: Hatterene|16/100\n|-damage|p2a: Altaria|46/100|[from] Recoil\n|move|p1a: Hatterene|Draining Kiss|p2a: Altaria\n|-supereffective|p2a: Altaria|1\n|-damage|p2a: Altaria|0 fnt\n|-heal|p1a: Hatterene|47/100|[from] drain|[of] p2a: Altaria\n|faint|p2a: Altaria\n|\n|-heal|p1a: Hatterene|54/100|[from] item: Leftovers\n|upkeep\n|\n|t:|1776845138\n|switch|p2a: Scovillain|Scovillain, L50, M|100/100\n|-damage|p2a: Scovillain|75/100|[from] Stealth Rock\n|turn|6\n|\n|t:|1776845145\n|move|p2a: Scovillain|Protect|p2a: Scovillain\n|-singleturn|p2a: Scovillain|Protect\n|move|p1a: Hatterene|Psychic Noise|p2a: Scovillain\n|-activate|p2a: Scovillain|move: Protect\n|\n|-heal|p2a: Scovillain|81/100|[from] item: Leftovers\n|-heal|p1a: Hatterene|60/100|[from] item: Leftovers\n|-ability|p2a: Scovillain|Moody|boost\n|-boost|p2a: Scovillain|spd|2\n|-unboost|p2a: Scovillain|spa|1\n|upkeep\n|turn|7\n|\n|t:|1776845152\n|move|p2a: Scovillain|Substitute|p2a: Scovillain\n|-start|p2a: Scovillain|Substitute\n|-damage|p2a: Scovillain|56/100\n|move|p1a: Hatterene|Psychic Noise|p2a: Scovillain\n|-damage|p2a: Scovillain|34/100\n|-start|p2a: Scovillain|move: Heal Block\n|\n|-heal|p1a: Hatterene|66/100|[from] item: Leftovers\n|-ability|p2a: Scovillain|Moody|boost\n|-boost|p2a: Scovillain|atk|2\n|-unboost|p2a: Scovillain|spe|1\n|upkeep\n|turn|8\n|\n|t:|1776845161\n|move|p2a: Scovillain|Protect|p2a: Scovillain\n|-singleturn|p2a: Scovillain|Protect\n|move|p1a: Hatterene|Psychic Noise|p2a: Scovillain\n|-activate|p2a: Scovillain|move: Protect\n|\n|-heal|p1a: Hatterene|72/100|[from] item: Leftovers\n|-end|p2a: Scovillain|move: Heal Block\n|-ability|p2a: Scovillain|Moody|boost\n|-boost|p2a: Scovillain|spd|2\n|-unboost|p2a: Scovillain|atk|1\n|upkeep\n|turn|9\n|\n|t:|1776845169\n|move|p2a: Scovillain|Giga Drain|p1a: Hatterene\n|-damage|p1a: Hatterene|52/100\n|-heal|p2a: Scovillain|44/100|[from] drain|[of] p1a: Hatterene\n|move|p1a: Hatterene|Psychic Noise|p2a: Scovillain\n|-damage|p2a: Scovillain|26/100\n|-start|p2a: Scovillain|move: Heal Block\n|\n|-heal|p1a: Hatterene|58/100|[from] item: Leftovers\n|-ability|p2a: Scovillain|Moody|boost\n|-boost|p2a: Scovillain|def|2\n|-unboost|p2a: Scovillain|spe|1\n|upkeep\n|turn|10\n|\n|t:|1776845176\n|move|p2a: Scovillain|Protect|p2a: Scovillain\n|-singleturn|p2a: Scovillain|Protect\n|move|p1a: Hatterene|Psychic Noise|p2a: Scovillain\n|-activate|p2a: Scovillain|move: Protect\n|\n|-heal|p1a: Hatterene|64/100|[from] item: Leftovers\n|-end|p2a: Scovillain|move: Heal Block\n|-ability|p2a: Scovillain|Moody|boost\n|-boost|p2a: Scovillain|spe|2\n|-unboost|p2a: Scovillain|spd|1\n|upkeep\n|turn|11\n|\n|t:|1776845183\n|move|p2a: Scovillain|Giga Drain|p1a: Hatterene\n|-damage|p1a: Hatterene|43/100\n|-heal|p2a: Scovillain|36/100|[from] drain|[of] p1a: Hatterene\n|move|p1a: Hatterene|Psychic Noise|p2a: Scovillain\n|-damage|p2a: Scovillain|16/100\n|-start|p2a: Scovillain|move: Heal Block\n|\n|-heal|p1a: Hatterene|49/100|[from] item: Leftovers\n|-ability|p2a: Scovillain|Moody|boost\n|-boost|p2a: Scovillain|spa|2\n|-unboost|p2a: Scovillain|spd|1\n|upkeep\n|turn|12\n|\n|t:|1776845190\n|move|p2a: Scovillain|Protect|p2a: Scovillain\n|-singleturn|p2a: Scovillain|Protect\n|move|p1a: Hatterene|Psychic Noise|p2a: Scovillain\n|-activate|p2a: Scovillain|move: Protect\n|\n|-heal|p1a: Hatterene|55/100|[from] item: Leftovers\n|-end|p2a: Scovillain|move: Heal Block\n|-ability|p2a: Scovillain|Moody|boost\n|-boost|p2a: Scovillain|spe|2\n|-unboost|p2a: Scovillain|atk|1\n|upkeep\n|turn|13\n|\n|t:|1776845196\n|move|p2a: Scovillain|Giga Drain|p1a: Hatterene\n|-damage|p1a: Hatterene|11/100\n|-heal|p2a: Scovillain|37/100|[from] drain|[of] p1a: Hatterene\n|move|p1a: Hatterene|Psychic Noise|p2a: Scovillain\n|-damage|p2a: Scovillain|14/100\n|-start|p2a: Scovillain|move: Heal Block\n|\n|-heal|p1a: Hatterene|18/100|[from] item: Leftovers\n|-ability|p2a: Scovillain|Moody|boost\n|-boost|p2a: Scovillain|atk|2\n|-unboost|p2a: Scovillain|spe|1\n|upkeep\n|turn|14\n|\n|t:|1776845205\n|move|p2a: Scovillain|Protect|p2a: Scovillain\n|-singleturn|p2a: Scovillain|Protect\n|move|p1a: Hatterene|Calm Mind|p1a: Hatterene\n|-boost|p1a: Hatterene|spa|1\n|-boost|p1a: Hatterene|spd|1\n|\n|-heal|p1a: Hatterene|24/100|[from] item: Leftovers\n|-end|p2a: Scovillain|move: Heal Block\n|-ability|p2a: Scovillain|Moody|boost\n|-boost|p2a: Scovillain|spa|2\n|-unboost|p2a: Scovillain|spe|1\n|upkeep\n|turn|15\n|\n|t:|1776845212\n|move|p2a: Scovillain|Giga Drain|p1a: Hatterene\n|-damage|p1a: Hatterene|0 fnt\n|-heal|p2a: Scovillain|25/100|[from] drain|[of] p1a: Hatterene\n|faint|p1a: Hatterene\n|\n|-heal|p2a: Scovillain|31/100|[from] item: Leftovers\n|-ability|p2a: Scovillain|Moody|boost\n|-boost|p2a: Scovillain|def|2\n|-unboost|p2a: Scovillain|spa|1\n|upkeep\n|\n|t:|1776845215\n|switch|p1a: Dragonite|Dragonite-Mega, L50, F|92/100\n|turn|16\n|\n|t:|1776845217\n|move|p2a: Scovillain|Protect|p2a: Scovillain\n|-singleturn|p2a: Scovillain|Protect\n|move|p1a: Dragonite|Dragon Pulse|p2a: Scovillain\n|-activate|p2a: Scovillain|move: Protect\n|\n|-heal|p2a: Scovillain|37/100|[from] item: Leftovers\n|-ability|p2a: Scovillain|Moody|boost\n|-boost|p2a: Scovillain|def|2\n|-unboost|p2a: Scovillain|spa|1\n|upkeep\n|turn|17\n|\n|t:|1776845224\n|move|p1a: Dragonite|Dragon Pulse|p2a: Scovillain\n|-end|p2a: Scovillain|Substitute\n|move|p2a: Scovillain|Flamethrower|p1a: Dragonite\n|-resisted|p1a: Dragonite|1\n|-damage|p1a: Dragonite|68/100\n|-status|p1a: Dragonite|brn\n|\n|-heal|p2a: Scovillain|42/100|[from] item: Leftovers\n|-damage|p1a: Dragonite|62/100 brn|[from] brn\n|-ability|p2a: Scovillain|Moody|boost\n|-boost|p2a: Scovillain|spd|2\n|-unboost|p2a: Scovillain|def|1\n|upkeep\n|turn|18\n|\n|t:|1776845228\n|move|p2a: Scovillain|Protect|p2a: Scovillain\n|-singleturn|p2a: Scovillain|Protect\n|move|p1a: Dragonite|Dragon Pulse|p2a: Scovillain\n|-activate|p2a: Scovillain|move: Protect\n|\n|-heal|p2a: Scovillain|48/100|[from] item: Leftovers\n|-damage|p1a: Dragonite|56/100 brn|[from] brn\n|-ability|p2a: Scovillain|Moody|boost\n|-boost|p2a: Scovillain|spd|2\n|-unboost|p2a: Scovillain|spe|1\n|upkeep\n|turn|19\n|\n|t:|1776845239\n|move|p1a: Dragonite|Dragon Pulse|p2a: Scovillain\n|-damage|p2a: Scovillain|29/100\n|move|p2a: Scovillain|Flamethrower|p1a: Dragonite\n|-resisted|p1a: Dragonite|1\n|-damage|p1a: Dragonite|37/100 brn\n|\n|-heal|p2a: Scovillain|35/100|[from] item: Leftovers\n|-damage|p1a: Dragonite|31/100 brn|[from] brn\n|-ability|p2a: Scovillain|Moody|boost\n|-boost|p2a: Scovillain|spe|2\n|-unboost|p2a: Scovillain|spa|1\n|upkeep\n|turn|20\n|\n|t:|1776845243\n|move|p2a: Scovillain|Protect|p2a: Scovillain\n|-singleturn|p2a: Scovillain|Protect\n|move|p1a: Dragonite|Dragon Pulse|p2a: Scovillain\n|-activate|p2a: Scovillain|move: Protect\n|\n|-heal|p2a: Scovillain|41/100|[from] item: Leftovers\n|-damage|p1a: Dragonite|25/100 brn|[from] brn\n|-ability|p2a: Scovillain|Moody|boost\n|-boost|p2a: Scovillain|spa|2\n|-unboost|p2a: Scovillain|def|1\n|upkeep\n|turn|21\n|\n|t:|1776845245\n|move|p2a: Scovillain|Flamethrower|p1a: Dragonite\n|-resisted|p1a: Dragonite|1\n|-damage|p1a: Dragonite|0 fnt\n|faint|p1a: Dragonite\n|\n|win|Gshs5\n|raw|maxibg's rating: 1339 &rarr; <strong>1314</strong><br />(-25 for losing)\n|raw|Gshs5's rating: 1252 &rarr; <strong>1283</strong><br />(+31 for winning)\n|l|\u2606maxibg\n|player|p1|\n", "uploadtime": 1776845261, "views": 3, "formatid": "gen9championsbssregma", "rating": 1283, "private": 0, "password": null}