{"id": "gen9championsbssregma-2593495900", "format": "[Gen 9 Champions] BSS Reg M-A", "players": ["test_poke29", "kitazaki"], "log": "|j|\u2606test_poke29\n|j|\u2606kitazaki\n|t:|1777088724\n|gametype|singles\n|player|p1|test_poke29|lucas|1428\n|player|p2|kitazaki|102|1546\n|gen|9\n|tier|[Gen 9 Champions] BSS Reg M-A\n|rated|\n|rule|Species Clause: Limit one of each Pok\u00e9mon\n|rule|Item Clause: Limit 1 of each item\n|clearpoke\n|poke|p1|Clefable, L50, M|\n|poke|p1|Charizard, L50, F|\n|poke|p1|Mimikyu, L50, M|\n|poke|p1|Archaludon, L50, F|\n|poke|p1|Toucannon, L50, M|\n|poke|p1|Garchomp, L50, M|\n|poke|p2|Dragonite, L50, M|\n|poke|p2|Glimmora, L50, F|\n|poke|p2|Basculegion, L50, M|\n|poke|p2|Kingambit, L50, F|\n|poke|p2|Clefable, L50, F|\n|poke|p2|Umbreon, L50, M|\n|teampreview|3\n|inactive|Battle timer is ON: inactive players will automatically lose when time's up. (requested by test_poke29)\n|j| gaurav op\n|inactive|test_poke29 has 60 seconds left.\n|\n|t:|1777088762\n|teamsize|p1|3\n|teamsize|p2|3\n|start\n|switch|p1a: Archaludon|Archaludon, L50, F|100/100\n|switch|p2a: Glimmora|Glimmora, L50, F|100/100\n|turn|1\n|\n|t:|1777088769\n|move|p2a: Glimmora|Earth Power|p1a: Archaludon\n|-supereffective|p1a: Archaludon|1\n|-damage|p1a: Archaludon|41/100\n|-ability|p1a: Archaludon|Stamina|boost\n|-boost|p1a: Archaludon|def|1\n|move|p1a: Archaludon|Flash Cannon|p2a: Glimmora\n|-supereffective|p2a: Glimmora|1\n|-damage|p2a: Glimmora|14/100\n|\n|-heal|p1a: Archaludon|47/100|[from] item: Leftovers\n|upkeep\n|turn|2\n|\n|t:|1777088782\n|switch|p1a: Charizard|Charizard, L50, F|100/100\n|move|p2a: Glimmora|Earth Power|p1a: Charizard\n|-immune|p1a: Charizard\n|\n|upkeep\n|turn|3\n|\n|t:|1777088789\n|detailschange|p1a: Charizard|Charizard-Mega-X, L50, F\n|-mega|p1a: Charizard|Charizard|Charizardite X\n|move|p1a: Charizard|Flame Charge|p2a: Glimmora\n|-resisted|p2a: Glimmora|1\n|-damage|p2a: Glimmora|0 fnt\n|-boost|p1a: Charizard|spe|1\n|-activate|p2a: Glimmora|ability: Toxic Debris\n|-sidestart|p1: test_poke29|move: Toxic Spikes\n|faint|p2a: Glimmora\n|\n|upkeep\n|\n|t:|1777088799\n|switch|p2a: Dragonite|Dragonite, L50, M|100/100\n|turn|4\n|\n|t:|1777088807\n|detailschange|p2a: Dragonite|Dragonite-Mega, L50, M\n|-mega|p2a: Dragonite|Dragonite|Dragoninite\n|move|p1a: Charizard|Dragon Claw|p2a: Dragonite\n|-supereffective|p2a: Dragonite|1\n|-damage|p2a: Dragonite|50/100\n|move|p2a: Dragonite|Draco Meteor|p1a: Charizard\n|-supereffective|p1a: Charizard|1\n|-damage|p1a: Charizard|0 fnt\n|-unboost|p2a: Dragonite|spa|2\n|faint|p1a: Charizard\n|\n|upkeep\n|\n|t:|1777088818\n|switch|p1a: Archaludon|Archaludon, L50, F|47/100\n|turn|5\n|\n|t:|1777088824\n|switch|p2a: Basculegion|Basculegion, L50, M|100/100\n|move|p1a: Archaludon|Thunder Wave|p2a: Basculegion|[miss]\n|-miss|p1a: Archaludon|p2a: Basculegion\n|\n|-heal|p1a: Archaludon|53/100|[from] item: Leftovers\n|upkeep\n|turn|6\n|\n|t:|1777088840\n|move|p2a: Basculegion|Wave Crash|p1a: Archaludon\n|-resisted|p1a: Archaludon|1\n|-damage|p1a: Archaludon|27/100\n|-ability|p1a: Archaludon|Stamina|boost\n|-boost|p1a: Archaludon|def|1\n|-damage|p2a: Basculegion|92/100|[from] Recoil\n|move|p1a: Archaludon|Thunder Wave|p2a: Basculegion\n|-status|p2a: Basculegion|par\n|\n|-heal|p1a: Archaludon|33/100|[from] item: Leftovers\n|upkeep\n|turn|7\n|\n|t:|1777088851\n|move|p2a: Basculegion|Wave Crash|p1a: Archaludon\n|-resisted|p1a: Archaludon|1\n|-damage|p1a: Archaludon|16/100\n|-ability|p1a: Archaludon|Stamina|boost\n|-boost|p1a: Archaludon|def|1\n|-damage|p2a: Basculegion|86/100 par|[from] Recoil\n|move|p1a: Archaludon|Stealth Rock|p2a: Basculegion\n|-sidestart|p2: kitazaki|move: Stealth Rock\n|\n|-heal|p1a: Archaludon|22/100|[from] item: Leftovers\n|upkeep\n|turn|8\n|\n|t:|1777088861\n|move|p2a: Basculegion|Wave Crash|p1a: Archaludon\n|-resisted|p1a: Archaludon|1\n|-damage|p1a: Archaludon|10/100\n|-ability|p1a: Archaludon|Stamina|boost\n|-boost|p1a: Archaludon|def|1\n|-damage|p2a: Basculegion|82/100 par|[from] Recoil\n|move|p1a: Archaludon|Dragon Tail|p2a: Basculegion\n|-damage|p2a: Basculegion|59/100 par\n|drag|p2a: Dragonite|Dragonite-Mega, L50, M|50/100\n|-damage|p2a: Dragonite|25/100|[from] Stealth Rock\n|\n|-heal|p1a: Archaludon|16/100|[from] item: Leftovers\n|upkeep\n|turn|9\n|\n|t:|1777088875\n|move|p2a: Dragonite|Flamethrower|p1a: Archaludon\n|-damage|p1a: Archaludon|0 fnt\n|faint|p1a: Archaludon\n|\n|upkeep\n|\n|t:|1777088879\n|switch|p1a: Mimikyu|Mimikyu, L50, M|100/100\n|-status|p1a: Mimikyu|psn\n|turn|10\n|\n|t:|1777088885\n|move|p2a: Dragonite|Roost|p2a: Dragonite\n|-heal|p2a: Dragonite|75/100\n|-singleturn|p2a: Dragonite|move: Roost\n|move|p1a: Mimikyu|Play Rough|p2a: Dragonite\n|-supereffective|p2a: Dragonite|1\n|-damage|p2a: Dragonite|7/100\n|\n|-damage|p1a: Mimikyu|88/100 psn|[from] psn\n|upkeep\n|turn|11\n|\n|t:|1777088896\n|move|p1a: Mimikyu|Shadow Sneak|p2a: Dragonite\n|-damage|p2a: Dragonite|0 fnt\n|faint|p2a: Dragonite\n|\n|-damage|p1a: Mimikyu|76/100 psn|[from] psn\n|upkeep\n|-message|kitazaki forfeited.\n|\n|win|test_poke29\n|raw|test_poke29's rating: 1428 &rarr; <strong>1455</strong><br />(+27 for winning)\n|raw|kitazaki's rating: 1546 &rarr; <strong>1519</strong><br />(-27 for losing)\n|l|\u2606kitazaki\n|player|p2|\n|l|\u2606test_poke29\n|player|p1|\n", "uploadtime": 1777089031, "views": 14, "formatid": "gen9championsbssregma", "rating": 1455, "private": 0, "password": null}