{"id": "gen9championsbssregma-2593645074", "format": "[Gen 9 Champions] BSS Reg M-A", "players": ["zhiyongyici", "OMP.s08"], "log": "|j|\u2606zhiyongyici\n|j|\u2606OMP.s08\n|t:|1777109842\n|gametype|singles\n|player|p1|zhiyongyici|clerk|1262\n|player|p2|OMP.s08|roxie|1294\n|gen|9\n|tier|[Gen 9 Champions] BSS Reg M-A\n|rated|\n|rule|Species Clause: Limit one of each Pok\u00e9mon\n|rule|Item Clause: Limit 1 of each item\n|clearpoke\n|poke|p1|Starmie, L50|\n|poke|p1|Dragonite, L50, F|\n|poke|p1|Dragapult, L50, F|\n|poke|p1|Primarina, L50, F|\n|poke|p1|Sneasler, L50, M|\n|poke|p1|Aggron, L50, F|\n|poke|p2|Lopunny, L50, M|\n|poke|p2|Snorlax, L50, F|\n|poke|p2|Greninja, L50, M|\n|poke|p2|Skeledirge, L50, F|\n|poke|p2|Garchomp, L50, F|\n|poke|p2|Scizor, L50, F|\n|teampreview|3\n|\n|t:|1777109877\n|teamsize|p1|3\n|teamsize|p2|3\n|start\n|switch|p1a: Dragapult|Dragapult, L50, F|100/100\n|switch|p2a: Greninja|Greninja, L50, M|100/100\n|turn|1\n|\n|t:|1777109898\n|detailschange|p2a: Greninja|Greninja-Mega, L50, M\n|-mega|p2a: Greninja|Greninja|Greninjite\n|move|p1a: Dragapult|Dragon Darts|p2a: Greninja\n|-damage|p2a: Greninja|62/100\n|-anim|p1a: Dragapult|Dragon Darts|p2a: Greninja\n|-damage|p2a: Greninja|26/100\n|move|p2a: Greninja|Dark Pulse|p1a: Dragapult\n|-start|p2a: Greninja|typechange|Dark|[from] ability: Protean\n|-supereffective|p1a: Dragapult|1\n|-enditem|p1a: Dragapult|Focus Sash\n|-damage|p1a: Dragapult|1/100\n|\n|upkeep\n|turn|2\n|\n|t:|1777109912\n|switch|p2a: Scizor|Scizor, L50, F|100/100\n|move|p1a: Dragapult|Dragon Darts|p2a: Scizor\n|-resisted|p2a: Scizor|1\n|-damage|p2a: Scizor|91/100\n|-anim|p1a: Dragapult|Dragon Darts|p2a: Scizor\n|-resisted|p2a: Scizor|1\n|-crit|p2a: Scizor\n|-damage|p2a: Scizor|76/100\n|\n|upkeep\n|turn|3\n|\n|t:|1777109920\n|switch|p1a: Aggron|Aggron, L50, F|100/100\n|move|p2a: Scizor|Iron Defense|p2a: Scizor\n|-boost|p2a: Scizor|def|2\n|\n|upkeep\n|turn|4\n|\n|t:|1777109928\n|detailschange|p1a: Aggron|Aggron-Mega, L50, F\n|-mega|p1a: Aggron|Aggron|Aggronite\n|move|p2a: Scizor|Baton Pass|p2a: Scizor\n|\n|t:|1777109943\n|switch|p2a: Snorlax|Snorlax, L50, F|100/100|[from] Baton Pass\n|move|p1a: Aggron|Iron Defense|p1a: Aggron\n|-boost|p1a: Aggron|def|2\n|\n|upkeep\n|turn|5\n|\n|t:|1777109949\n|move|p1a: Aggron|Body Press|p2a: Snorlax\n|-supereffective|p2a: Snorlax|1\n|-damage|p2a: Snorlax|26/100\n|move|p2a: Snorlax|Earthquake|p1a: Aggron\n|-supereffective|p1a: Aggron|1\n|-damage|p1a: Aggron|90/100\n|\n|-heal|p2a: Snorlax|32/100|[from] item: Leftovers\n|upkeep\n|turn|6\n|\n|t:|1777109957\n|move|p1a: Aggron|Body Press|p2a: Snorlax\n|-supereffective|p2a: Snorlax|1\n|-damage|p2a: Snorlax|0 fnt\n|faint|p2a: Snorlax\n|\n|upkeep\n|\n|t:|1777109959\n|switch|p2a: Greninja|Greninja-Mega, L50, M|26/100\n|turn|7\n|\n|t:|1777109963\n|move|p2a: Greninja|Hydro Cannon|p1a: Aggron\n|-start|p2a: Greninja|typechange|Water|[from] ability: Protean\n|-damage|p1a: Aggron|15/100\n|-mustrecharge|p2a: Greninja\n|move|p1a: Aggron|Body Press|p2a: Greninja\n|-damage|p2a: Greninja|0 fnt\n|faint|p2a: Greninja\n|\n|upkeep\n|\n|t:|1777109968\n|switch|p2a: Scizor|Scizor, L50, F|76/100\n|turn|8\n|\n|t:|1777109972\n|move|p2a: Scizor|Bullet Punch|p1a: Aggron\n|-resisted|p1a: Aggron|1\n|-damage|p1a: Aggron|12/100\n|move|p1a: Aggron|Body Press|p2a: Scizor\n|-damage|p2a: Scizor|16/100\n|-enditem|p2a: Scizor|Sitrus Berry|[eat]\n|-heal|p2a: Scizor|41/100|[from] item: Sitrus Berry\n|\n|upkeep\n|turn|9\n|-message|OMP.s08 forfeited.\n|\n|win|zhiyongyici\n|raw|zhiyongyici's rating: 1262 &rarr; <strong>1289</strong><br />(+27 for winning)\n|raw|OMP.s08's rating: 1294 &rarr; <strong>1267</strong><br />(-27 for losing)\n|l|\u2606OMP.s08\n|player|p2|\n", "uploadtime": 1777109986, "views": 2, "formatid": "gen9championsbssregma", "rating": 1267, "private": 0, "password": null}