{"id": "gen9championsbssregma-2591488391", "format": "[Gen 9 Champions] BSS Reg M-A", "players": ["mega.CHIVA", "Ludius_FLY"], "log": "|j|\u2606mega.CHIVA\n|j|\u2606Ludius_FLY\n|t:|1776904346\n|gametype|singles\n|player|p1|mega.CHIVA|unknown|1125\n|player|p2|Ludius_FLY|n|1141\n|gen|9\n|tier|[Gen 9 Champions] BSS Reg M-A\n|rated|\n|rule|Species Clause: Limit one of each Pok\u00e9mon\n|rule|Item Clause: Limit 1 of each item\n|clearpoke\n|poke|p1|Gallade, L50, M|\n|poke|p1|Garchomp, L50, M|\n|poke|p1|Hawlucha, L50, M|\n|poke|p1|Sylveon, L50, F|\n|poke|p1|Greninja, L50, M|\n|poke|p1|Blastoise, L50, M|\n|poke|p2|Ditto, L50|\n|poke|p2|Starmie, L50|\n|poke|p2|Scizor, L50, M|\n|poke|p2|Pelipper, L50, F|\n|poke|p2|Archaludon, L50, F|\n|poke|p2|Umbreon, L50, F|\n|teampreview|3\n|\n|t:|1776904364\n|teamsize|p1|3\n|teamsize|p2|3\n|start\n|switch|p1a: Sylveon|Sylveon, L50, F|100/100\n|switch|p2a: Scizor|Scizor, L50, M|100/100\n|turn|1\n|inactive|Battle timer is ON: inactive players will automatically lose when time's up. (requested by Ludius_FLY)\n|\n|t:|1776904371\n|detailschange|p2a: Scizor|Scizor-Mega, L50, M\n|-mega|p2a: Scizor|Scizor|Scizorite\n|move|p2a: Scizor|Bullet Punch|p1a: Sylveon\n|-supereffective|p1a: Sylveon|1\n|-damage|p1a: Sylveon|13/100\n|move|p1a: Sylveon|Mystical Fire|p2a: Scizor\n|-supereffective|p2a: Scizor|2\n|-damage|p2a: Scizor|0 fnt\n|faint|p2a: Scizor\n|\n|upkeep\n|\n|t:|1776904379\n|switch|p2a: Pelipper|Pelipper, L50, F|100/100\n|-weather|RainDance|[from] ability: Drizzle|[of] p2a: Pelipper\n|turn|2\n|\n|t:|1776904383\n|move|p1a: Sylveon|Hyper Voice|p2a: Pelipper\n|-damage|p2a: Pelipper|2/100\n|-enditem|p2a: Pelipper|Sitrus Berry|[eat]\n|-heal|p2a: Pelipper|26/100|[from] item: Sitrus Berry\n|move|p2a: Pelipper|U-turn|p1a: Sylveon\n|-resisted|p1a: Sylveon|1\n|-damage|p1a: Sylveon|8/100\n|\n|t:|1776904389\n|switch|p2a: Archaludon|Archaludon, L50, F|100/100|[from] U-turn\n|\n|-weather|RainDance|[upkeep]\n|upkeep\n|turn|3\n|\n|t:|1776904394\n|move|p2a: Archaludon|Electro Shot||[still]\n|-prepare|p2a: Archaludon|Electro Shot\n|-boost|p2a: Archaludon|spa|1\n|-anim|p2a: Archaludon|Electro Shot|p1a: Sylveon\n|-damage|p1a: Sylveon|0 fnt\n|faint|p1a: Sylveon\n|\n|-weather|RainDance|[upkeep]\n|upkeep\n|\n|t:|1776904402\n|switch|p1a: Gallade|Gallade, L50, M|100/100\n|turn|4\n|\n|t:|1776904409\n|move|p1a: Gallade|Brick Break|p2a: Archaludon\n|-supereffective|p2a: Archaludon|1\n|-damage|p2a: Archaludon|42/100\n|-ability|p2a: Archaludon|Stamina|boost\n|-boost|p2a: Archaludon|def|1\n|move|p2a: Archaludon|Electro Shot||[still]\n|-prepare|p2a: Archaludon|Electro Shot\n|-boost|p2a: Archaludon|spa|1\n|-anim|p2a: Archaludon|Electro Shot|p1a: Gallade\n|-damage|p1a: Gallade|0 fnt\n|faint|p1a: Gallade\n|\n|-weather|RainDance|[upkeep]\n|upkeep\n|\n|t:|1776904420\n|switch|p1a: Hawlucha|Hawlucha, L50, M|100/100\n|turn|5\n|\n|t:|1776904427\n|detailschange|p1a: Hawlucha|Hawlucha-Mega, L50, M\n|-mega|p1a: Hawlucha|Hawlucha|Hawluchanite\n|move|p1a: Hawlucha|Cross Chop|p2a: Archaludon\n|-supereffective|p2a: Archaludon|1\n|-damage|p2a: Archaludon|0 fnt\n|faint|p2a: Archaludon\n|\n|-weather|RainDance|[upkeep]\n|upkeep\n|-message|Ludius_FLY forfeited.\n|\n|win|mega.CHIVA\n|raw|mega.CHIVA's rating: 1125 &rarr; <strong>1151</strong><br />(+26 for winning)\n|raw|Ludius_FLY's rating: 1141 &rarr; <strong>1115</strong><br />(-26 for losing)\n|l|\u2606Ludius_FLY\n|player|p2|\n", "uploadtime": 1776904440, "views": 5, "formatid": "gen9championsbssregma", "rating": 1115, "private": 0, "password": null}