{"id": "gen9championsbssregma-2593507202", "format": "[Gen 9 Champions] BSS Reg M-A", "players": ["curecrescendo", "csgogo"], "log": "|j|\u2606curecrescendo\n|j|\u2606csgogo\n|t:|1777090041\n|gametype|singles\n|player|p1|curecrescendo|101|1332\n|player|p2|csgogo|hiker-gen4|1420\n|gen|9\n|tier|[Gen 9 Champions] BSS Reg M-A\n|rated|\n|rule|Species Clause: Limit one of each Pok\u00e9mon\n|rule|Item Clause: Limit 1 of each item\n|clearpoke\n|poke|p1|Pelipper, L50, F|\n|poke|p1|Basculegion, L50, M|\n|poke|p1|Archaludon, L50, F|\n|poke|p1|Meganium, L50, F|\n|poke|p1|Garchomp, L50, F|\n|poke|p1|Scizor, L50, M|\n|poke|p2|Rotom-Wash, L50|\n|poke|p2|Lopunny, L50, F|\n|poke|p2|Garchomp, L50, F|\n|poke|p2|Volcarona, L50, F|\n|poke|p2|Blastoise, L50, F|\n|poke|p2|Clefable, L50, F|\n|teampreview|3\n|inactive|Battle timer is ON: inactive players will automatically lose when time's up. (requested by csgogo)\n|inactive|curecrescendo has 60 seconds left.\n|\n|t:|1777090091\n|teamsize|p1|3\n|teamsize|p2|3\n|start\n|switch|p1a: Meganium|Meganium, L50, F|100/100\n|switch|p2a: Rotom|Rotom-Wash, L50|100/100\n|turn|1\n|inactive|curecrescendo has 30 seconds left.\n|\n|t:|1777090117\n|switch|p2a: Lopunny|Lopunny, L50, F|100/100\n|switch|p1a: Garchomp|Garchomp, L50, F|100/100\n|\n|upkeep\n|turn|2\n|\n|t:|1777090130\n|detailschange|p2a: Lopunny|Lopunny-Mega, L50, F\n|-mega|p2a: Lopunny|Lopunny|Lopunnite\n|move|p2a: Lopunny|Triple Axel|p1a: Garchomp\n|-supereffective|p1a: Garchomp|2\n|-damage|p1a: Garchomp|82/100\n|-damage|p2a: Lopunny|89/100|[from] ability: Rough Skin|[of] p1a: Garchomp\n|-supereffective|p1a: Garchomp|2\n|-damage|p1a: Garchomp|45/100\n|-damage|p2a: Lopunny|77/100|[from] ability: Rough Skin|[of] p1a: Garchomp\n|-enditem|p1a: Garchomp|Sitrus Berry|[eat]\n|-heal|p1a: Garchomp|69/100|[from] item: Sitrus Berry\n|-supereffective|p1a: Garchomp|2\n|-damage|p1a: Garchomp|12/100\n|-damage|p2a: Lopunny|65/100|[from] ability: Rough Skin|[of] p1a: Garchomp\n|-hitcount|p1a: Garchomp|3\n|move|p1a: Garchomp|Earthquake|p2a: Lopunny\n|-damage|p2a: Lopunny|8/100\n|\n|upkeep\n|turn|3\n|inactive|csgogo has 30 seconds left.\n|\n|t:|1777090156\n|switch|p2a: Rotom|Rotom-Wash, L50|100/100\n|move|p1a: Garchomp|Stealth Rock|p2a: Rotom\n|-sidestart|p2: csgogo|move: Stealth Rock\n|\n|upkeep\n|turn|4\n|\n|t:|1777090174\n|switch|p1a: Meganium|Meganium, L50, F|100/100\n|move|p2a: Rotom|Hydro Pump|p1a: Meganium\n|-resisted|p1a: Meganium|1\n|-damage|p1a: Meganium|80/100\n|\n|upkeep\n|turn|5\n|\n|t:|1777090192\n|detailschange|p1a: Meganium|Meganium-Mega, L50, F\n|-mega|p1a: Meganium|Meganium|Meganiumite\n|move|p2a: Rotom|Volt Switch|p1a: Meganium\n|-resisted|p1a: Meganium|1\n|-damage|p1a: Meganium|68/100\n|\n|t:|1777090213\n|switch|p2a: Lopunny|Lopunny-Mega, L50, F|8/100|[from] Volt Switch\n|-damage|p2a: Lopunny|2/100|[from] Stealth Rock\n|move|p1a: Meganium|Solar Beam||[still]\n|-prepare|p1a: Meganium|Solar Beam\n|-activate|p1a: Meganium|ability: Mega Sol\n|-anim|p1a: Meganium|Solar Beam|p2a: Lopunny\n|-damage|p2a: Lopunny|0 fnt\n|faint|p2a: Lopunny\n|\n|upkeep\n|-message|csgogo forfeited.\n|\n|win|curecrescendo\n|raw|curecrescendo's rating: 1332 &rarr; <strong>1357</strong><br />(+25 for winning)\n|raw|csgogo's rating: 1420 &rarr; <strong>1395</strong><br />(-25 for losing)\n|l|\u2606csgogo\n|player|p2|\n|l|\u2606curecrescendo\n|player|p1|\n", "uploadtime": 1777090243, "views": 7, "formatid": "gen9championsbssregma", "rating": 1357, "private": 0, "password": null}