{"id": "gen9championsbssregma-2592552097", "format": "[Gen 9 Champions] BSS Reg M-A", "players": ["Altbou", "Keyan_Sans"], "log": "|j|\u2606Altbou\n|j|\u2606Keyan_Sans\n|t:|1777000864\n|gametype|singles\n|player|p1|Altbou|266|1299\n|player|p2|Keyan_Sans|hugh|1300\n|gen|9\n|tier|[Gen 9 Champions] BSS Reg M-A\n|rated|\n|rule|Species Clause: Limit one of each Pok\u00e9mon\n|rule|Item Clause: Limit 1 of each item\n|clearpoke\n|poke|p1|Palafin, L50, F|\n|poke|p1|Venusaur, L50, F|\n|poke|p1|Sableye, L50, F|\n|poke|p1|Slowking-Galar, L50, F|\n|poke|p1|Garchomp, L50, F|\n|poke|p1|Hippowdon, L50, F|\n|poke|p2|Greninja, L50, M|\n|poke|p2|Skarmory, L50, M|\n|poke|p2|Garchomp, L50, F|\n|poke|p2|Sneasler, L50, M|\n|poke|p2|Volcarona, L50, M|\n|poke|p2|Mamoswine, L50, M|\n|teampreview|3\n|inactive|Battle timer is ON: inactive players will automatically lose when time's up. (requested by Keyan_Sans)\n|inactive|Altbou has 60 seconds left.\n|inactive|Keyan_Sans has 60 seconds left.\n|\n|t:|1777000927\n|teamsize|p1|3\n|teamsize|p2|3\n|start\n|switch|p1a: Palafin|Palafin, L50, F|100/100\n|switch|p2a: Skarmory|Skarmory, L50, M|100/100\n|turn|1\n|\n|t:|1777000930\n|move|p1a: Palafin|Flip Turn|p2a: Skarmory\n|-damage|p2a: Skarmory|82/100\n|\n|t:|1777000932\n|detailschange|p1a: Palafin|Palafin-Hero, L50, F\n|switch|p1a: Sableye|Sableye, L50, F|100/100|[from] Flip Turn\n|move|p2a: Skarmory|Stealth Rock|p1a: Sableye\n|-sidestart|p1: Altbou|move: Stealth Rock\n|\n|-heal|p2a: Skarmory|88/100|[from] item: Leftovers\n|upkeep\n|turn|2\n|\n|t:|1777000943\n|switch|p2a: Greninja|Greninja, L50, M|100/100\n|move|p1a: Sableye|Will-O-Wisp|p2a: Greninja\n|-hint|Since gen 7, Dark is immune to Prankster moves.\n|-immune|p2a: Greninja\n|\n|upkeep\n|turn|3\n|inactive|Altbou has 30 seconds left.\n|\n|t:|1777000970\n|detailschange|p1a: Sableye|Sableye-Mega, L50, F\n|-mega|p1a: Sableye|Sableye|Sablenite\n|move|p2a: Greninja|Dark Pulse|p1a: Sableye\n|-start|p2a: Greninja|typechange|Dark|[from] ability: Protean\n|-damage|p1a: Sableye|62/100\n|move|p1a: Sableye|Encore|p2a: Greninja\n|-start|p2a: Greninja|Encore\n|\n|upkeep\n|turn|4\n|\n|t:|1777000985\n|switch|p1a: Palafin|Palafin-Hero, L50, F|100/100\n|-damage|p1a: Palafin|88/100|[from] Stealth Rock\n|-activate|p1a: Palafin|ability: Zero to Hero\n|move|p2a: Greninja|Dark Pulse|p1a: Palafin\n|-damage|p1a: Palafin|46/100\n|\n|upkeep\n|turn|5\n|\n|t:|1777001009\n|detailschange|p2a: Greninja|Greninja-Mega, L50, M\n|-mega|p2a: Greninja|Greninja|Greninjite\n|move|p2a: Greninja|Dark Pulse|p1a: Palafin\n|-start|p2a: Greninja|typechange|Dark|[from] ability: Protean\n|-crit|p1a: Palafin\n|-damage|p1a: Palafin|0 fnt\n|faint|p1a: Palafin\n|\n|upkeep\n|\n|t:|1777001018\n|switch|p1a: Garchomp|Garchomp, L50, F|100/100\n|-damage|p1a: Garchomp|94/100|[from] Stealth Rock\n|turn|6\n|\n|t:|1777001025\n|switch|p2a: Skarmory|Skarmory, L50, M|88/100\n|move|p1a: Garchomp|Rock Tomb|p2a: Skarmory\n|-damage|p2a: Skarmory|71/100\n|-unboost|p2a: Skarmory|spe|1\n|\n|-heal|p2a: Skarmory|77/100|[from] item: Leftovers\n|upkeep\n|turn|7\n|\n|t:|1777001030\n|switch|p1a: Sableye|Sableye-Mega, L50, F|62/100\n|-damage|p1a: Sableye|50/100|[from] Stealth Rock\n|move|p2a: Skarmory|Roost|p2a: Skarmory\n|-heal|p2a: Skarmory|100/100\n|-singleturn|p2a: Skarmory|move: Roost\n|\n|upkeep\n|turn|8\n|\n|t:|1777001040\n|switch|p2a: Greninja|Greninja-Mega, L50, M|100/100\n|move|p1a: Sableye|Recover|p1a: Sableye\n|-heal|p1a: Sableye|100/100\n|\n|upkeep\n|turn|9\n|\n|t:|1777001047\n|move|p2a: Greninja|Hydro Pump|p1a: Sableye\n|-start|p2a: Greninja|typechange|Water|[from] ability: Protean\n|-damage|p1a: Sableye|37/100\n|move|p1a: Sableye|Will-O-Wisp|p2a: Greninja|[miss]\n|-miss|p1a: Sableye|p2a: Greninja\n|\n|upkeep\n|turn|10\n|-message|Altbou forfeited.\n|\n|win|Keyan_Sans\n|raw|Altbou's rating: 1299 &rarr; <strong>1274</strong><br />(-25 for losing)\n|raw|Keyan_Sans's rating: 1300 &rarr; <strong>1325</strong><br />(+25 for winning)\n|l|\u2606Altbou\n|player|p1|\n", "uploadtime": 1777001061, "views": 0, "formatid": "gen9championsbssregma", "rating": 1274, "private": 0, "password": null}