{"id": "gen9championsbssregma-2594799704", "format": "[Gen 9 Champions] BSS Reg M-A", "players": ["Ace Trainer Samson", "boi in the back"], "log": "|j|\u2606Ace Trainer Samson\n|j|\u2606boi in the back\n|t:|1777234112\n|gametype|singles\n|player|p1|Ace Trainer Samson|kimonogirl|1260\n|player|p2|boi in the back|jacinthe|1315\n|gen|9\n|tier|[Gen 9 Champions] BSS Reg M-A\n|rated|\n|rule|Species Clause: Limit one of each Pok\u00e9mon\n|rule|Item Clause: Limit 1 of each item\n|clearpoke\n|poke|p1|Sneasler, L50, M|\n|poke|p1|Kingambit, L50, F|\n|poke|p1|Blastoise, L50, F|\n|poke|p1|Ninetales-Alola, L50, F|\n|poke|p1|Espathra, L50, M|\n|poke|p1|Kommo-o, L50, M|\n|poke|p2|Meganium, L50, M, shiny|\n|poke|p2|Garchomp, L50, F|\n|poke|p2|Lucario, L50, F|\n|poke|p2|Kingambit, L50, F|\n|poke|p2|Volcarona, L50, F, shiny|\n|poke|p2|Gengar, L50, M|\n|teampreview|3\n|inactive|Battle timer is ON: inactive players will automatically lose when time's up. (requested by boi in the back)\n|inactive|Ace Trainer Samson has 60 seconds left.\n|\n|t:|1777234156\n|teamsize|p1|3\n|teamsize|p2|3\n|start\n|switch|p1a: Ninetales|Ninetales-Alola, L50, F|100/100\n|switch|p2a: Gendar|Gengar, L50, M|100/100\n|-weather|Snowscape|[from] ability: Snow Warning|[of] p1a: Ninetales\n|turn|1\n|inactive|boi in the back has 30 seconds left.\n|inactive|boi in the back has 20 seconds left.\n|inactive|boi in the back has 15 seconds left.\n|inactive|boi in the back has 10 seconds left.\n|\n|t:|1777234205\n|move|p2a: Gendar|Taunt|p1a: Ninetales\n|-start|p1a: Ninetales|move: Taunt\n|cant|p1a: Ninetales|move: Taunt|Aurora Veil\n|\n|-weather|Snowscape|[upkeep]\n|upkeep\n|turn|2\n|\n|t:|1777234210\n|move|p2a: Gendar|Sludge Wave|p1a: Ninetales\n|-supereffective|p1a: Ninetales|1\n|-enditem|p1a: Ninetales|Focus Sash\n|-damage|p1a: Ninetales|1/100\n|move|p1a: Ninetales|Freeze-Dry|p2a: Gendar\n|-damage|p2a: Gendar|66/100\n|\n|-weather|Snowscape|[upkeep]\n|upkeep\n|turn|3\n|\n|t:|1777234214\n|move|p2a: Gendar|Shadow Ball|p1a: Ninetales\n|-damage|p1a: Ninetales|0 fnt\n|faint|p1a: Ninetales\n|\n|-weather|Snowscape|[upkeep]\n|upkeep\n|\n|t:|1777234217\n|switch|p1a: Espathra|Espathra, L50, M|100/100\n|turn|4\n|\n|t:|1777234222\n|move|p1a: Espathra|Protect|p1a: Espathra\n|-singleturn|p1a: Espathra|Protect\n|move|p2a: Gendar|Destiny Bond|p2a: Gendar\n|-singlemove|p2a: Gendar|Destiny Bond\n|\n|-weather|Snowscape|[upkeep]\n|-ability|p1a: Espathra|Speed Boost|boost\n|-boost|p1a: Espathra|spe|1\n|upkeep\n|turn|5\n|\n|t:|1777234229\n|move|p1a: Espathra|Calm Mind|p1a: Espathra\n|-boost|p1a: Espathra|spa|1\n|-boost|p1a: Espathra|spd|1\n|move|p2a: Gendar|Taunt|p1a: Espathra\n|-start|p1a: Espathra|move: Taunt\n|\n|-weather|none\n|-ability|p1a: Espathra|Speed Boost|boost\n|-boost|p1a: Espathra|spe|1\n|upkeep\n|turn|6\n|\n|t:|1777234234\n|move|p1a: Espathra|Stored Power|p2a: Gendar\n|-supereffective|p2a: Gendar|1\n|-damage|p2a: Gendar|0 fnt\n|-start|p1a: Espathra|Disable|Stored Power|[from] ability: Cursed Body|[of] p2a: Gendar\n|faint|p2a: Gendar\n|\n|-ability|p1a: Espathra|Speed Boost|boost\n|-boost|p1a: Espathra|spe|1\n|upkeep\n|\n|t:|1777234242\n|switch|p2a: Lucario|Lucario, L50, F|100/100\n|turn|7\n|\n|t:|1777234246\n|detailschange|p2a: Lucario|Lucario-Mega, L50, F\n|-mega|p2a: Lucario|Lucario|Lucarionite\n|-activate|p1a: Espathra|move: Struggle\n|move|p1a: Espathra|Struggle|p2a: Lucario\n|-damage|p2a: Lucario|91/100\n|-damage|p1a: Espathra|74/100|[from] recoil\n|move|p2a: Lucario|Meteor Mash|p1a: Espathra\n|-damage|p1a: Espathra|18/100\n|-boost|p2a: Lucario|atk|1\n|\n|-heal|p1a: Espathra|24/100|[from] item: Leftovers\n|-ability|p1a: Espathra|Speed Boost|boost\n|-boost|p1a: Espathra|spe|1\n|upkeep\n|turn|8\n|\n|t:|1777234255\n|move|p2a: Lucario|Extreme Speed|p1a: Espathra\n|-damage|p1a: Espathra|0 fnt\n|faint|p1a: Espathra\n|\n|upkeep\n|\n|t:|1777234258\n|switch|p1a: Blastoise|Blastoise, L50, F|100/100\n|turn|9\n|\n|t:|1777234263\n|detailschange|p1a: Blastoise|Blastoise-Mega, L50, F\n|-mega|p1a: Blastoise|Blastoise|Blastoisinite\n|move|p2a: Lucario|Close Combat|p1a: Blastoise\n|-damage|p1a: Blastoise|0 fnt\n|-unboost|p2a: Lucario|def|1\n|-unboost|p2a: Lucario|spd|1\n|faint|p1a: Blastoise\n|\n|win|boi in the back\n|raw|Ace Trainer Samson's rating: 1260 &rarr; <strong>1237</strong><br />(-23 for losing)\n|raw|boi in the back's rating: 1289 &rarr; <strong>1312</strong><br />(+23 for winning)\n", "uploadtime": 1777234268, "views": 1, "formatid": "gen9championsbssregma", "rating": 1237, "private": 0, "password": null}