{"id": "gen9championsbssregma-2590060917", "format": "[Gen 9 Champions] BSS Reg M-A", "players": ["gshs5", "zty-CHINA"], "log": "|j|\u2606gshs5\n|j|\u2606zty-CHINA\n|t:|1776784444\n|gametype|singles\n|player|p1|gshs5|101|1088\n|player|p2|zty-CHINA|steven|1131\n|gen|9\n|tier|[Gen 9 Champions] BSS Reg M-A\n|rated|\n|rule|Species Clause: Limit one of each Pok\u00e9mon\n|rule|Item Clause: Limit 1 of each item\n|clearpoke\n|poke|p1|Venusaur, L50, F|\n|poke|p1|Hippowdon, L50, F|\n|poke|p1|Aegislash, L50, M|\n|poke|p1|Altaria, L50, F|\n|poke|p1|Rotom-Wash, L50|\n|poke|p1|Scovillain, L50, F|\n|poke|p2|Dragonite, L50, M, shiny|\n|poke|p2|Meowscarada, L50, M|\n|poke|p2|Kingambit, L50, M|\n|poke|p2|Rotom-Wash, L50|\n|poke|p2|Hippowdon, L50, M|\n|poke|p2|Corviknight, L50, F|\n|teampreview|3\n|inactive|Battle timer is ON: inactive players will automatically lose when time's up. (requested by zty-CHINA)\n|inactive|gshs5 has 60 seconds left.\n|\n|t:|1776784488\n|teamsize|p1|3\n|teamsize|p2|3\n|start\n|switch|p1a: Rotom|Rotom-Wash, L50|100/100\n|switch|p2a: Rotom|Rotom-Wash, L50|100/100\n|turn|1\n|\n|t:|1776784494\n|move|p2a: Rotom|Volt Switch|p1a: Rotom\n|-damage|p1a: Rotom|71/100\n|\n|t:|1776784502\n|switch|p2a: Meowscarada|Meowscarada, L50, M|100/100|[from] Volt Switch\n|move|p1a: Rotom|Volt Switch|p2a: Meowscarada\n|-resisted|p2a: Meowscarada|1\n|-damage|p2a: Meowscarada|81/100\n|\n|t:|1776784510\n|switch|p1a: Scovillain|Scovillain, L50, F|100/100|[from] Volt Switch\n|\n|-ability|p1a: Scovillain|Moody|boost\n|-boost|p1a: Scovillain|def|2\n|-unboost|p1a: Scovillain|spe|1\n|upkeep\n|turn|2\n|\n|t:|1776784529\n|move|p1a: Scovillain|Protect|p1a: Scovillain\n|-singleturn|p1a: Scovillain|Protect\n|move|p2a: Meowscarada|Sucker Punch||[still]\n|-fail|p2a: Meowscarada\n|\n|-ability|p1a: Scovillain|Moody|boost\n|-boost|p1a: Scovillain|spa|2\n|-unboost|p1a: Scovillain|atk|1\n|upkeep\n|turn|3\n|\n|t:|1776784547\n|move|p2a: Meowscarada|U-turn|p1a: Scovillain\n|-damage|p1a: Scovillain|83/100\n|\n|t:|1776784550\n|switch|p2a: Rotom|Rotom-Wash, L50|100/100|[from] U-turn\n|move|p1a: Scovillain|Substitute|p1a: Scovillain\n|-start|p1a: Scovillain|Substitute\n|-damage|p1a: Scovillain|58/100\n|\n|-heal|p1a: Scovillain|64/100|[from] item: Leftovers\n|-ability|p1a: Scovillain|Moody|boost\n|-boost|p1a: Scovillain|atk|2\n|-unboost|p1a: Scovillain|def|1\n|upkeep\n|turn|4\n|inactive|zty-CHINA has 30 seconds left.\n|\n|t:|1776784576\n|move|p1a: Scovillain|Protect|p1a: Scovillain\n|-singleturn|p1a: Scovillain|Protect\n|move|p2a: Rotom|Hydro Pump|p1a: Scovillain\n|-activate|p1a: Scovillain|move: Protect\n|\n|-heal|p1a: Scovillain|70/100|[from] item: Leftovers\n|-ability|p1a: Scovillain|Moody|boost\n|-boost|p1a: Scovillain|spe|2\n|-unboost|p1a: Scovillain|spa|1\n|upkeep\n|turn|5\n|\n|t:|1776784587\n|move|p2a: Rotom|Hydro Pump|p1a: Scovillain\n|-end|p1a: Scovillain|Substitute\n|move|p1a: Scovillain|Giga Drain|p2a: Rotom\n|-supereffective|p2a: Rotom|1\n|-damage|p2a: Rotom|9/100\n|-heal|p1a: Scovillain|100/100|[from] drain|[of] p2a: Rotom\n|\n|-ability|p1a: Scovillain|Moody|boost\n|-boost|p1a: Scovillain|atk|2\n|-unboost|p1a: Scovillain|spe|1\n|upkeep\n|turn|6\n|\n|t:|1776784598\n|move|p2a: Rotom|Hydro Pump|p1a: Scovillain\n|-damage|p1a: Scovillain|39/100\n|move|p1a: Scovillain|Substitute|p1a: Scovillain\n|-start|p1a: Scovillain|Substitute\n|-damage|p1a: Scovillain|14/100\n|\n|-heal|p1a: Scovillain|20/100|[from] item: Leftovers\n|-ability|p1a: Scovillain|Moody|boost\n|-boost|p1a: Scovillain|spd|2\n|-unboost|p1a: Scovillain|atk|1\n|upkeep\n|turn|7\n|\n|t:|1776784607\n|move|p1a: Scovillain|Protect|p1a: Scovillain\n|-singleturn|p1a: Scovillain|Protect\n|move|p2a: Rotom|Hydro Pump|p1a: Scovillain\n|-activate|p1a: Scovillain|move: Protect\n|\n|-heal|p1a: Scovillain|25/100|[from] item: Leftovers\n|-ability|p1a: Scovillain|Moody|boost\n|-boost|p1a: Scovillain|spa|2\n|-unboost|p1a: Scovillain|spe|1\n|upkeep\n|turn|8\n|\n|t:|1776784618\n|move|p2a: Rotom|Hydro Pump|p1a: Scovillain\n|-end|p1a: Scovillain|Substitute\n|move|p1a: Scovillain|Giga Drain|p2a: Rotom\n|-supereffective|p2a: Rotom|1\n|-damage|p2a: Rotom|0 fnt\n|-heal|p1a: Scovillain|30/100|[from] drain|[of] p2a: Rotom\n|faint|p2a: Rotom\n|\n|-heal|p1a: Scovillain|35/100|[from] item: Leftovers\n|-ability|p1a: Scovillain|Moody|boost\n|-boost|p1a: Scovillain|spe|2\n|-unboost|p1a: Scovillain|spa|1\n|upkeep\n|\n|t:|1776784632\n|switch|p2a: Dragonite|Dragonite, L50, M, shiny|100/100\n|turn|9\n|\n|t:|1776784640\n|detailschange|p2a: Dragonite|Dragonite-Mega, L50, M, shiny\n|-mega|p2a: Dragonite|Dragonite|Dragoninite\n|move|p1a: Scovillain|Protect|p1a: Scovillain\n|-singleturn|p1a: Scovillain|Protect\n|move|p2a: Dragonite|Extreme Speed|p1a: Scovillain\n|-activate|p1a: Scovillain|move: Protect\n|\n|-heal|p1a: Scovillain|41/100|[from] item: Leftovers\n|-ability|p1a: Scovillain|Moody|boost\n|-boost|p1a: Scovillain|spe|2\n|-unboost|p1a: Scovillain|atk|1\n|upkeep\n|turn|10\n|\n|t:|1776784650\n|move|p2a: Dragonite|Extreme Speed|p1a: Scovillain\n|-damage|p1a: Scovillain|23/100\n|move|p1a: Scovillain|Giga Drain|p2a: Dragonite\n|-resisted|p2a: Dragonite|2\n|-damage|p2a: Dragonite|96/100\n|-heal|p1a: Scovillain|26/100|[from] drain|[of] p2a: Dragonite\n|\n|-heal|p1a: Scovillain|32/100|[from] item: Leftovers\n|-ability|p1a: Scovillain|Moody|boost\n|-boost|p1a: Scovillain|spa|2\n|-unboost|p1a: Scovillain|atk|1\n|upkeep\n|turn|11\n|\n|t:|1776784664\n|move|p1a: Scovillain|Protect|p1a: Scovillain\n|-singleturn|p1a: Scovillain|Protect\n|move|p2a: Dragonite|Extreme Speed|p1a: Scovillain\n|-activate|p1a: Scovillain|move: Protect\n|\n|-heal|p1a: Scovillain|38/100|[from] item: Leftovers\n|-ability|p1a: Scovillain|Moody|boost\n|-boost|p1a: Scovillain|spe|2\n|-unboost|p1a: Scovillain|atk|1\n|upkeep\n|turn|12\n|\n|t:|1776784675\n|move|p1a: Scovillain|Flamethrower|p2a: Dragonite\n|-resisted|p2a: Dragonite|1\n|-damage|p2a: Dragonite|61/100\n|move|p2a: Dragonite|Fire Blast|p1a: Scovillain\n|-damage|p1a: Scovillain|2/100\n|\n|-heal|p1a: Scovillain|8/100|[from] item: Leftovers\n|-ability|p1a: Scovillain|Moody|boost\n|-boost|p1a: Scovillain|spa|2\n|-unboost|p1a: Scovillain|spe|1\n|upkeep\n|turn|13\n|\n|t:|1776784686\n|move|p1a: Scovillain|Protect|p1a: Scovillain\n|-singleturn|p1a: Scovillain|Protect\n|move|p2a: Dragonite|Extreme Speed|p1a: Scovillain\n|-activate|p1a: Scovillain|move: Protect\n|\n|-heal|p1a: Scovillain|14/100|[from] item: Leftovers\n|-ability|p1a: Scovillain|Moody|boost\n|-boost|p1a: Scovillain|def|2\n|-unboost|p1a: Scovillain|spd|1\n|upkeep\n|turn|14\n|\n|t:|1776784701\n|move|p1a: Scovillain|Protect||[still]\n|-fail|p1a: Scovillain\n|move|p2a: Dragonite|Extreme Speed|p1a: Scovillain\n|-damage|p1a: Scovillain|2/100\n|\n|-heal|p1a: Scovillain|8/100|[from] item: Leftovers\n|-ability|p1a: Scovillain|Moody|boost\n|-boost|p1a: Scovillain|def|2\n|-unboost|p1a: Scovillain|spd|1\n|upkeep\n|turn|15\n|\n|t:|1776784711\n|move|p2a: Dragonite|Extreme Speed|p1a: Scovillain\n|-damage|p1a: Scovillain|0 fnt\n|faint|p1a: Scovillain\n|\n|upkeep\n|\n|t:|1776784717\n|switch|p1a: Rotom|Rotom-Wash, L50|71/100\n|turn|16\n|\n|t:|1776784724\n|move|p2a: Dragonite|Draco Meteor|p1a: Rotom|[miss]\n|-miss|p2a: Dragonite|p1a: Rotom\n|move|p1a: Rotom|Thunder Wave|p2a: Dragonite\n|-status|p2a: Dragonite|par\n|\n|upkeep\n|turn|17\n|\n|t:|1776784731\n|move|p1a: Rotom|Hydro Pump|p2a: Dragonite\n|-resisted|p2a: Dragonite|1\n|-damage|p2a: Dragonite|45/100 par\n|move|p2a: Dragonite|Draco Meteor|p1a: Rotom\n|-damage|p1a: Rotom|0 fnt\n|-unboost|p2a: Dragonite|spa|2\n|faint|p1a: Rotom\n|\n|upkeep\n|\n|t:|1776784735\n|switch|p1a: Altaria|Altaria, L50, F|100/100\n|-ability|p1a: Altaria|Cloud Nine\n|turn|18\n|\n|t:|1776784750\n|switch|p2a: Meowscarada|Meowscarada, L50, M|81/100\n|detailschange|p1a: Altaria|Altaria-Mega, L50, F\n|-mega|p1a: Altaria|Altaria|Altarianite\n|move|p1a: Altaria|Dragon Dance|p1a: Altaria\n|-boost|p1a: Altaria|atk|1\n|-boost|p1a: Altaria|spe|1\n|\n|upkeep\n|turn|19\n|\n|t:|1776784759\n|move|p1a: Altaria|Cotton Guard|p1a: Altaria\n|-boost|p1a: Altaria|def|3\n|move|p2a: Meowscarada|Power Gem|p1a: Altaria\n|-damage|p1a: Altaria|83/100\n|\n|upkeep\n|turn|20\n|\n|t:|1776784769\n|move|p1a: Altaria|Double-Edge|p2a: Meowscarada\n|-supereffective|p2a: Meowscarada|1\n|-damage|p2a: Meowscarada|0 fnt\n|faint|p2a: Meowscarada\n|-damage|p1a: Altaria|56/100|[from] Recoil\n|\n|upkeep\n|\n|t:|1776784775\n|switch|p2a: Dragonite|Dragonite-Mega, L50, M, shiny|45/100 par\n|turn|21\n|\n|t:|1776784781\n|move|p1a: Altaria|Double-Edge|p2a: Dragonite\n|-supereffective|p2a: Dragonite|1\n|-damage|p2a: Dragonite|0 fnt\n|faint|p2a: Dragonite\n|-damage|p1a: Altaria|37/100|[from] Recoil\n|\n|win|gshs5\n|raw|gshs5's rating: 1088 &rarr; <strong>1118</strong><br />(+30 for winning)\n|raw|zty-CHINA's rating: 1131 &rarr; <strong>1103</strong><br />(-28 for losing)\n|l|\u2606zty-CHINA\n|player|p2|\n", "uploadtime": 1776784784, "views": 22, "formatid": "gen9championsbssregma", "rating": 1103, "private": 0, "password": null}