{"id": "gen9championsbssregma-2593607561", "format": "[Gen 9 Champions] BSS Reg M-A", "players": ["11oyd", "torapoke"], "log": "|j|\u260611oyd\n|j|\u2606torapoke\n|t:|1777104191\n|gametype|singles\n|player|p1|11oyd|unknown|1387\n|player|p2|torapoke|266|1345\n|gen|9\n|tier|[Gen 9 Champions] BSS Reg M-A\n|rated|\n|rule|Species Clause: Limit one of each Pok\u00e9mon\n|rule|Item Clause: Limit 1 of each item\n|clearpoke\n|poke|p1|Garchomp, L50, F|\n|poke|p1|Lopunny, L50, M|\n|poke|p1|Corviknight, L50, F|\n|poke|p1|Glimmora, L50, F|\n|poke|p1|Gengar, L50, F|\n|poke|p1|Kingambit, L50, F|\n|poke|p2|Floette-Eternal, L50, F|\n|poke|p2|Delphox, L50, F|\n|poke|p2|Garchomp, L50, M|\n|poke|p2|Kingambit, L50, M|\n|poke|p2|Aegislash, L50, M|\n|poke|p2|Primarina, L50, M|\n|teampreview|3\n|inactive|Battle timer is ON: inactive players will automatically lose when time's up. (requested by 11oyd)\n|\n|t:|1777104249\n|teamsize|p1|3\n|teamsize|p2|3\n|start\n|switch|p1a: Gengar|Gengar, L50, F|100/100\n|switch|p2a: Primarina|Primarina, L50, M|100/100\n|turn|1\n|\n|t:|1777104256\n|switch|p2a: Aegislash|Aegislash, L50, M|100/100\n|move|p1a: Gengar|Sludge Wave|p2a: Aegislash\n|-immune|p2a: Aegislash\n|\n|upkeep\n|turn|2\n|\n|t:|1777104266\n|move|p1a: Gengar|Shadow Ball|p2a: Aegislash\n|-supereffective|p2a: Aegislash|1\n|-damage|p2a: Aegislash|29/100\n|-formechange|p2a: Aegislash|Aegislash-Blade|\n|move|p2a: Aegislash|Poltergeist|p1a: Gengar\n|-activate|p1a: Gengar|move: Poltergeist|Focus Sash\n|-supereffective|p1a: Gengar|1\n|-enditem|p1a: Gengar|Focus Sash\n|-damage|p1a: Gengar|1/100\n|-start|p2a: Aegislash|Disable|Poltergeist|[from] ability: Cursed Body|[of] p1a: Gengar\n|\n|upkeep\n|turn|3\n|\n|t:|1777104280\n|switch|p1a: Kingambit|Kingambit, L50, F|100/100\n|-formechange|p2a: Aegislash|Aegislash|\n|move|p2a: Aegislash|King's Shield||[still]\n|-fail|p2a: Aegislash\n|\n|upkeep\n|turn|4\n|inactive|11oyd has 30 seconds left.\n|\n|t:|1777104314\n|move|p1a: Kingambit|Sucker Punch|p2a: Aegislash\n|-supereffective|p2a: Aegislash|1\n|-damage|p2a: Aegislash|0 fnt\n|faint|p2a: Aegislash\n|\n|upkeep\n|\n|t:|1777104319\n|switch|p2a: Delphox|Delphox, L50, F|100/100\n|turn|5\n|\n|t:|1777104328\n|switch|p1a: Gengar|Gengar, L50, F|1/100\n|detailschange|p2a: Delphox|Delphox-Mega, L50, F\n|-mega|p2a: Delphox|Delphox|Delphoxite\n|move|p2a: Delphox|Encore||[still]\n|-fail|p2a: Delphox\n|\n|upkeep\n|turn|6\n|\n|t:|1777104345\n|move|p2a: Delphox|Substitute|p2a: Delphox\n|-start|p2a: Delphox|Substitute\n|-damage|p2a: Delphox|76/100\n|move|p1a: Gengar|Shadow Ball|p2a: Delphox\n|-supereffective|p2a: Delphox|1\n|-end|p2a: Delphox|Substitute\n|\n|upkeep\n|turn|7\n|\n|t:|1777104354\n|move|p2a: Delphox|Psychic|p1a: Gengar\n|-supereffective|p1a: Gengar|1\n|-damage|p1a: Gengar|0 fnt\n|faint|p1a: Gengar\n|\n|upkeep\n|inactive|11oyd has 30 seconds left.\n|\n|t:|1777104382\n|switch|p1a: Glimmora|Glimmora, L50, F|100/100\n|turn|8\n|\n|t:|1777104392\n|switch|p2a: Primarina|Primarina, L50, M|100/100\n|detailschange|p1a: Glimmora|Glimmora-Mega, L50, F\n|-mega|p1a: Glimmora|Glimmora|Glimmoranite\n|move|p1a: Glimmora|Rock Polish|p1a: Glimmora\n|-boost|p1a: Glimmora|spe|2\n|\n|upkeep\n|turn|9\n|\n|t:|1777104412\n|move|p1a: Glimmora|Sludge Wave|p2a: Primarina\n|-supereffective|p2a: Primarina|1\n|-damage|p2a: Primarina|0 fnt\n|faint|p2a: Primarina\n|\n|upkeep\n|-message|torapoke forfeited.\n|\n|win|11oyd\n|raw|11oyd's rating: 1387 &rarr; <strong>1405</strong><br />(+18 for winning)\n|raw|torapoke's rating: 1345 &rarr; <strong>1327</strong><br />(-18 for losing)\n|l|\u2606torapoke\n|player|p2|\n|l|\u260611oyd\n|player|p1|\n", "uploadtime": 1777104427, "views": 5, "formatid": "gen9championsbssregma", "rating": 1327, "private": 0, "password": null}