{"id": "gen9championsbssregma-2593884084", "format": "[Gen 9 Champions] BSS Reg M-A", "players": ["kerom.pk", "z-pokemaster2000"], "log": "|j|\u203dkerom.pk\n|j|\u2606z-pokemaster2000\n|t:|1777136175\n|gametype|singles\n|player|p1|kerom.pk|170|1371\n|player|p2|z-pokemaster2000|265|1290\n|gen|9\n|tier|[Gen 9 Champions] BSS Reg M-A\n|rated|\n|rule|Species Clause: Limit one of each Pok\u00e9mon\n|rule|Item Clause: Limit 1 of each item\n|clearpoke\n|poke|p1|Slowking-Galar, L50, M|\n|poke|p1|Skarmory, L50, M|\n|poke|p1|Lopunny, L50, F|\n|poke|p1|Basculegion, L50, M|\n|poke|p1|Skeledirge, L50, F|\n|poke|p1|Kingambit, L50, M|\n|poke|p2|Charizard, L50, M, shiny|\n|poke|p2|Scizor, L50, F, shiny|\n|poke|p2|Conkeldurr, L50, M|\n|poke|p2|Clefable, L50, F, shiny|\n|poke|p2|Basculegion, L50, M|\n|poke|p2|Bellibolt, L50, F, shiny|\n|teampreview|3\n|inactive|Battle timer is ON: inactive players will automatically lose when time's up. (requested by kerom.pk)\n|inactive|kerom.pk has 60 seconds left.\n|inactive|z-pokemaster2000 has 60 seconds left.\n|\n|t:|1777136220\n|teamsize|p1|3\n|teamsize|p2|3\n|start\n|switch|p1a: Lopunny|Lopunny, L50, F|100/100\n|switch|p2a: Bellibolt|Bellibolt, L50, F, shiny|100/100\n|turn|1\n|\n|t:|1777136231\n|detailschange|p1a: Lopunny|Lopunny-Mega, L50, F\n|-mega|p1a: Lopunny|Lopunny|Lopunnite\n|move|p1a: Lopunny|Fake Out|p2a: Bellibolt\n|-damage|p2a: Bellibolt|83/100\n|-start|p2a: Bellibolt|Charge|Fake Out|[from] ability: Electromorphosis\n|cant|p2a: Bellibolt|flinch\n|\n|upkeep\n|turn|2\n|\n|t:|1777136239\n|move|p1a: Lopunny|U-turn|p2a: Bellibolt\n|-damage|p2a: Bellibolt|60/100\n|-start|p2a: Bellibolt|Charge|U-turn|[from] ability: Electromorphosis\n|\n|t:|1777136243\n|switch|p1a: Slowking|Slowking-Galar, L50, M|100/100|[from] U-turn\n|move|p2a: Bellibolt|Parabolic Charge|p1a: Slowking\n|-damage|p1a: Slowking|58/100\n|-heal|p2a: Bellibolt|83/100|[from] drain|[of] p1a: Slowking\n|-end|p2a: Bellibolt|Charge|[silent]\n|\n|-heal|p1a: Slowking|64/100|[from] item: Leftovers\n|upkeep\n|turn|3\n|\n|t:|1777136252\n|move|p2a: Bellibolt|Soak|p1a: Slowking\n|-start|p1a: Slowking|typechange|Water\n|-prepare|p1a: Slowking|Chilly Reception|[premajor]\n|move|p1a: Slowking|Chilly Reception|p1a: Slowking\n|-weather|Snowscape\n|\n|t:|1777136257\n|switch|p1a: Lopunny|Lopunny-Mega, L50, F|100/100|[from] Chilly Reception\n|\n|-weather|Snowscape|[upkeep]\n|upkeep\n|turn|4\n|\n|t:|1777136265\n|move|p1a: Lopunny|Fake Out|p2a: Bellibolt\n|-damage|p2a: Bellibolt|65/100\n|-start|p2a: Bellibolt|Charge|Fake Out|[from] ability: Electromorphosis\n|cant|p2a: Bellibolt|flinch\n|\n|-weather|Snowscape|[upkeep]\n|upkeep\n|turn|5\n|\n|t:|1777136270\n|move|p1a: Lopunny|U-turn|p2a: Bellibolt\n|-damage|p2a: Bellibolt|43/100\n|-start|p2a: Bellibolt|Charge|U-turn|[from] ability: Electromorphosis\n|\n|t:|1777136274\n|switch|p1a: Slowking|Slowking-Galar, L50, M|98/100|[from] U-turn\n|move|p2a: Bellibolt|Soak|p1a: Slowking\n|-start|p1a: Slowking|typechange|Water\n|\n|-weather|Snowscape|[upkeep]\n|-heal|p1a: Slowking|100/100|[from] item: Leftovers\n|upkeep\n|turn|6\n|\n|t:|1777136281\n|switch|p1a: Skeledirge|Skeledirge, L50, F|100/100\n|move|p2a: Bellibolt|Parabolic Charge|p1a: Skeledirge\n|-damage|p1a: Skeledirge|21/100\n|-heal|p2a: Bellibolt|87/100|[from] drain|[of] p1a: Skeledirge\n|-end|p2a: Bellibolt|Charge|[silent]\n|\n|-weather|Snowscape|[upkeep]\n|upkeep\n|turn|7\n|\n|t:|1777136292\n|move|p1a: Skeledirge|Slack Off|p1a: Skeledirge\n|-heal|p1a: Skeledirge|71/100\n|move|p2a: Bellibolt|Acid Spray|p1a: Skeledirge\n|-resisted|p1a: Skeledirge|1\n|-damage|p1a: Skeledirge|65/100\n|-unboost|p1a: Skeledirge|spd|2\n|\n|-weather|none\n|upkeep\n|turn|8\n|\n|t:|1777136300\n|switch|p1a: Slowking|Slowking-Galar, L50, M|100/100\n|move|p2a: Bellibolt|Parabolic Charge|p1a: Slowking\n|-crit|p1a: Slowking\n|-damage|p1a: Slowking|67/100\n|-heal|p2a: Bellibolt|100/100|[from] drain|[of] p1a: Slowking\n|\n|-heal|p1a: Slowking|73/100|[from] item: Leftovers\n|upkeep\n|turn|9\n|\n|t:|1777136308\n|move|p2a: Bellibolt|Soak|p1a: Slowking\n|-start|p1a: Slowking|typechange|Water\n|-prepare|p1a: Slowking|Chilly Reception|[premajor]\n|move|p1a: Slowking|Chilly Reception|p1a: Slowking\n|-weather|Snowscape\n|\n|t:|1777136312\n|switch|p1a: Lopunny|Lopunny-Mega, L50, F|100/100|[from] Chilly Reception\n|\n|-weather|Snowscape|[upkeep]\n|upkeep\n|turn|10\n|\n|t:|1777136315\n|move|p1a: Lopunny|Fake Out|p2a: Bellibolt\n|-crit|p2a: Bellibolt\n|-damage|p2a: Bellibolt|71/100\n|-start|p2a: Bellibolt|Charge|Fake Out|[from] ability: Electromorphosis\n|cant|p2a: Bellibolt|flinch\n|\n|-weather|Snowscape|[upkeep]\n|upkeep\n|turn|11\n|\n|t:|1777136323\n|move|p1a: Lopunny|U-turn|p2a: Bellibolt\n|-damage|p2a: Bellibolt|48/100\n|-start|p2a: Bellibolt|Charge|U-turn|[from] ability: Electromorphosis\n|\n|t:|1777136325\n|switch|p1a: Slowking|Slowking-Galar, L50, M|100/100|[from] U-turn\n|move|p2a: Bellibolt|Parabolic Charge|p1a: Slowking\n|-damage|p1a: Slowking|56/100\n|-heal|p2a: Bellibolt|72/100|[from] drain|[of] p1a: Slowking\n|-end|p2a: Bellibolt|Charge|[silent]\n|\n|-weather|Snowscape|[upkeep]\n|-heal|p1a: Slowking|62/100|[from] item: Leftovers\n|upkeep\n|turn|12\n|\n|t:|1777136332\n|move|p2a: Bellibolt|Parabolic Charge|p1a: Slowking\n|-crit|p1a: Slowking\n|-damage|p1a: Slowking|29/100\n|-heal|p2a: Bellibolt|89/100|[from] drain|[of] p1a: Slowking\n|-prepare|p1a: Slowking|Chilly Reception|[premajor]\n|move|p1a: Slowking|Chilly Reception|p1a: Slowking\n|\n|t:|1777136336\n|switch|p1a: Lopunny|Lopunny-Mega, L50, F|100/100|[from] Chilly Reception\n|\n|-weather|Snowscape|[upkeep]\n|upkeep\n|turn|13\n|\n|t:|1777136343\n|move|p1a: Lopunny|Fake Out|p2a: Bellibolt\n|-damage|p2a: Bellibolt|68/100\n|-start|p2a: Bellibolt|Charge|Fake Out|[from] ability: Electromorphosis\n|cant|p2a: Bellibolt|flinch\n|\n|-weather|none\n|upkeep\n|turn|14\n|\n|t:|1777136348\n|move|p1a: Lopunny|U-turn|p2a: Bellibolt\n|-damage|p2a: Bellibolt|46/100\n|-start|p2a: Bellibolt|Charge|U-turn|[from] ability: Electromorphosis\n|\n|t:|1777136352\n|switch|p1a: Slowking|Slowking-Galar, L50, M|62/100|[from] U-turn\n|move|p2a: Bellibolt|Parabolic Charge|p1a: Slowking\n|-damage|p1a: Slowking|17/100\n|-heal|p2a: Bellibolt|70/100|[from] drain|[of] p1a: Slowking\n|-end|p2a: Bellibolt|Charge|[silent]\n|\n|-heal|p1a: Slowking|23/100|[from] item: Leftovers\n|upkeep\n|turn|15\n|\n|t:|1777136361\n|move|p2a: Bellibolt|Parabolic Charge|p1a: Slowking\n|-damage|p1a: Slowking|0 fnt\n|-heal|p2a: Bellibolt|82/100|[from] drain|[of] p1a: Slowking\n|faint|p1a: Slowking\n|\n|upkeep\n|\n|t:|1777136371\n|switch|p1a: Lopunny|Lopunny-Mega, L50, F|100/100\n|turn|16\n|\n|t:|1777136373\n|move|p1a: Lopunny|Fake Out|p2a: Bellibolt\n|-damage|p2a: Bellibolt|64/100\n|-start|p2a: Bellibolt|Charge|Fake Out|[from] ability: Electromorphosis\n|cant|p2a: Bellibolt|flinch\n|-end|p2a: Bellibolt|Charge|[silent]\n|\n|upkeep\n|turn|17\n|\n|t:|1777136378\n|move|p1a: Lopunny|Close Combat|p2a: Bellibolt\n|-damage|p2a: Bellibolt|6/100\n|-unboost|p1a: Lopunny|def|1\n|-unboost|p1a: Lopunny|spd|1\n|-start|p2a: Bellibolt|Charge|Close Combat|[from] ability: Electromorphosis\n|move|p2a: Bellibolt|Parabolic Charge|p1a: Lopunny\n|-damage|p1a: Lopunny|0 fnt\n|-heal|p2a: Bellibolt|43/100|[from] drain|[of] p1a: Lopunny\n|faint|p1a: Lopunny\n|-end|p2a: Bellibolt|Charge|[silent]\n|\n|upkeep\n|-message|kerom.pk forfeited.\n|\n|win|z-pokemaster2000\n|raw|kerom.pk's rating: 1371 &rarr; <strong>1346</strong><br />(-25 for losing)\n|raw|z-pokemaster2000's rating: 1290 &rarr; <strong>1321</strong><br />(+31 for winning)\n|l|\u203dkerom.pk\n|player|p1|\n", "uploadtime": 1777136390, "views": 4, "formatid": "gen9championsbssregma", "rating": 1321, "private": 0, "password": null}