{"id": "gen9championsbssregma-2593906134", "format": "[Gen 9 Champions] BSS Reg M-A", "players": ["zhiyongyici", "Robeadminchiam"], "log": "|j|\u2606zhiyongyici\n|j|\u2606Robeadminchiam\n|t:|1777138117\n|gametype|singles\n|player|p1|zhiyongyici|clerk|1295\n|player|p2|Robeadminchiam|lucas|1371\n|gen|9\n|tier|[Gen 9 Champions] BSS Reg M-A\n|rated|\n|rule|Species Clause: Limit one of each Pok\u00e9mon\n|rule|Item Clause: Limit 1 of each item\n|clearpoke\n|poke|p1|Pelipper, L50, F|\n|poke|p1|Basculegion, L50, M|\n|poke|p1|Archaludon, L50, F|\n|poke|p1|Meganium, L50, M|\n|poke|p1|Scizor, L50, F|\n|poke|p1|Glimmora, L50, M|\n|poke|p2|Orthworm, L50, F|\n|poke|p2|Polteageist, L50|\n|poke|p2|Floette-Eternal, L50, F|\n|poke|p2|Garchomp, L50, F|\n|poke|p2|Sneasler, L50, M|\n|poke|p2|Charizard, L50, F|\n|teampreview|3\n|\n|t:|1777138200\n|teamsize|p1|3\n|teamsize|p2|3\n|start\n|switch|p1a: Pelipper|Pelipper, L50, F|100/100\n|switch|p2a: Polteageist|Polteageist, L50|100/100\n|-weather|RainDance|[from] ability: Drizzle|[of] p1a: Pelipper\n|turn|1\n|\n|t:|1777138212\n|move|p2a: Polteageist|Shell Smash|p2a: Polteageist\n|-unboost|p2a: Polteageist|def|1\n|-unboost|p2a: Polteageist|spd|1\n|-boost|p2a: Polteageist|atk|2\n|-boost|p2a: Polteageist|spa|2\n|-boost|p2a: Polteageist|spe|2\n|-enditem|p2a: Polteageist|White Herb\n|-clearnegativeboost|p2a: Polteageist|[silent]\n|move|p1a: Pelipper|Weather Ball|p2a: Polteageist\n|-damage|p2a: Polteageist|20/100\n|\n|-weather|RainDance|[upkeep]\n|upkeep\n|turn|2\n|\n|t:|1777138220\n|move|p2a: Polteageist|Baton Pass|p2a: Polteageist\n|\n|t:|1777138238\n|switch|p2a: Garchomp|Garchomp, L50, F|100/100|[from] Baton Pass\n|move|p1a: Pelipper|Weather Ball|p2a: Garchomp\n|-damage|p2a: Garchomp|28/100\n|\n|-weather|RainDance|[upkeep]\n|upkeep\n|turn|3\n|\n|t:|1777138245\n|move|p2a: Garchomp|Rock Slide|p1a: Pelipper\n|-supereffective|p1a: Pelipper|1\n|-enditem|p1a: Pelipper|Focus Sash\n|-damage|p1a: Pelipper|1/100\n|move|p1a: Pelipper|Weather Ball|p2a: Garchomp\n|-damage|p2a: Garchomp|0 fnt\n|faint|p2a: Garchomp\n|\n|-weather|RainDance|[upkeep]\n|upkeep\n|\n|t:|1777138253\n|switch|p2a: Charizard|Charizard, L50, F|100/100\n|turn|4\n|\n|t:|1777138258\n|detailschange|p2a: Charizard|Charizard-Mega-X, L50, F\n|-mega|p2a: Charizard|Charizard|Charizardite X\n|move|p2a: Charizard|Flare Blitz|p1a: Pelipper\n|-resisted|p1a: Pelipper|1\n|-damage|p1a: Pelipper|0 fnt\n|faint|p1a: Pelipper\n|-damage|p2a: Charizard|99/100|[from] Recoil\n|\n|-weather|RainDance|[upkeep]\n|upkeep\n|\n|t:|1777138264\n|switch|p1a: Basculegion|Basculegion, L50, M|100/100\n|turn|5\n|\n|t:|1777138266\n|switch|p2a: Polteageist|Polteageist, L50|20/100\n|move|p1a: Basculegion|Wave Crash|p2a: Polteageist\n|-damage|p2a: Polteageist|0 fnt\n|faint|p2a: Polteageist\n|-damage|p1a: Basculegion|96/100|[from] Recoil\n|\n|-weather|none\n|upkeep\n|j| acyanmage\n|\n|t:|1777138268\n|switch|p2a: Charizard|Charizard-Mega-X, L50, F|99/100\n|turn|6\n|\n|t:|1777138276\n|move|p2a: Charizard|Dragon Dance|p2a: Charizard\n|-boost|p2a: Charizard|atk|1\n|-boost|p2a: Charizard|spe|1\n|move|p1a: Basculegion|Head Smash|p2a: Charizard\n|-supereffective|p2a: Charizard|1\n|-damage|p2a: Charizard|0 fnt\n|faint|p2a: Charizard\n|-damage|p1a: Basculegion|57/100|[from] Recoil\n|\n|win|zhiyongyici\n|raw|zhiyongyici's rating: 1295 &rarr; <strong>1325</strong><br />(+30 for winning)\n|raw|Robeadminchiam's rating: 1364 &rarr; <strong>1340</strong><br />(-24 for losing)\n|l|\u2606Robeadminchiam\n|player|p2|\n", "uploadtime": 1777138282, "views": 4, "formatid": "gen9championsbssregma", "rating": 1325, "private": 0, "password": null}