{"id": "gen9championsbssregma-2591654120", "format": "[Gen 9 Champions] BSS Reg M-A", "players": ["nagichan0121", "dmddo412"], "log": "|j|\u2606nagichan0121\n|j|\u2606dmddo412\n|t:|1776921628\n|gametype|singles\n|player|p1|nagichan0121|170|1347\n|player|p2|dmddo412|169|1369\n|gen|9\n|tier|[Gen 9 Champions] BSS Reg M-A\n|rated|\n|rule|Species Clause: Limit one of each Pok\u00e9mon\n|rule|Item Clause: Limit 1 of each item\n|clearpoke\n|poke|p1|Gyarados, L50, F|\n|poke|p1|Krookodile, L50, M|\n|poke|p1|Aerodactyl, L50, M|\n|poke|p1|Archaludon, L50, M|\n|poke|p1|Heliolisk, L50, M|\n|poke|p1|Armarouge, L50, F, shiny|\n|poke|p2|Garchomp, L50, F, shiny|\n|poke|p2|Archaludon, L50, M, shiny|\n|poke|p2|Floette-Eternal, L50, F|\n|poke|p2|Tauros-Paldea-Blaze, L50, M, shiny|\n|poke|p2|Mimikyu, L50, M, shiny|\n|poke|p2|Basculegion, L50, M, shiny|\n|teampreview|3\n|inactive|Battle timer is ON: inactive players will automatically lose when time's up. (requested by dmddo412)\n|inactive|nagichan0121 has 60 seconds left.\n|j| bromerta\n|\n|t:|1776921686\n|teamsize|p1|3\n|teamsize|p2|3\n|start\n|switch|p1a: Archaludon|Archaludon, L50, M|100/100\n|switch|p2a: Archaludon|Archaludon, L50, M, shiny|100/100\n|turn|1\n|\n|t:|1776921696\n|move|p1a: Archaludon|Draco Meteor|p2a: Archaludon|[miss]\n|-miss|p1a: Archaludon|p2a: Archaludon\n|move|p2a: Archaludon|Draco Meteor|p1a: Archaludon\n|-ability|p1a: Archaludon|Sturdy\n|-damage|p1a: Archaludon|1/100\n|-unboost|p2a: Archaludon|spa|2\n|\n|upkeep\n|turn|2\n|\n|t:|1776921709\n|move|p1a: Archaludon|Stealth Rock|p2a: Archaludon\n|-sidestart|p2: dmddo412|move: Stealth Rock\n|move|p2a: Archaludon|Flash Cannon|p1a: Archaludon\n|-resisted|p1a: Archaludon|1\n|-damage|p1a: Archaludon|0 fnt\n|faint|p1a: Archaludon\n|\n|upkeep\n|\n|t:|1776921721\n|switch|p1a: Krookodile|Krookodile, L50, M|100/100\n|turn|3\n|\n|t:|1776921728\n|move|p1a: Krookodile|Earthquake|p2a: Archaludon\n|-supereffective|p2a: Archaludon|1\n|-enditem|p2a: Archaludon|Shuca Berry|[eat]\n|-enditem|p2a: Archaludon|Shuca Berry|[weaken]\n|-damage|p2a: Archaludon|65/100\n|-ability|p2a: Archaludon|Stamina|boost\n|-boost|p2a: Archaludon|def|1\n|move|p2a: Archaludon|Roar|p1a: Krookodile\n|drag|p1a: Aerodactyl|Aerodactyl, L50, M|100/100\n|-ability|p1a: Aerodactyl|Pressure\n|\n|upkeep\n|turn|4\n|\n|t:|1776921742\n|switch|p1a: Krookodile|Krookodile, L50, M|100/100\n|move|p2a: Archaludon|Flash Cannon|p1a: Krookodile\n|-damage|p1a: Krookodile|71/100\n|\n|upkeep\n|turn|5\n|\n|t:|1776921748\n|move|p1a: Krookodile|Earthquake|p2a: Archaludon\n|-supereffective|p2a: Archaludon|1\n|-damage|p2a: Archaludon|20/100\n|-ability|p2a: Archaludon|Stamina|boost\n|-boost|p2a: Archaludon|def|1\n|move|p2a: Archaludon|Flash Cannon|p1a: Krookodile\n|-damage|p1a: Krookodile|39/100\n|\n|upkeep\n|turn|6\n|\n|t:|1776921756\n|move|p1a: Krookodile|Earthquake|p2a: Archaludon\n|-supereffective|p2a: Archaludon|1\n|-damage|p2a: Archaludon|0 fnt\n|faint|p2a: Archaludon\n|-ability|p1a: Krookodile|Moxie|boost\n|-boost|p1a: Krookodile|atk|1\n|\n|upkeep\n|\n|t:|1776921762\n|switch|p2a: Garchomp|Garchomp, L50, F, shiny|100/100\n|-damage|p2a: Garchomp|95/100|[from] Stealth Rock\n|turn|7\n|\n|t:|1776921768\n|move|p2a: Garchomp|Outrage|p1a: Krookodile\n|-damage|p1a: Krookodile|0 fnt\n|faint|p1a: Krookodile\n|\n|upkeep\n|j| Esslinger\n|\n|t:|1776921772\n|switch|p1a: Aerodactyl|Aerodactyl, L50, M|100/100\n|-ability|p1a: Aerodactyl|Pressure\n|turn|8\n|\n|t:|1776921778\n|detailschange|p1a: Aerodactyl|Aerodactyl-Mega, L50, M\n|-mega|p1a: Aerodactyl|Aerodactyl|Aerodactylite\n|move|p2a: Garchomp|Outrage|p1a: Aerodactyl|[from] lockedmove\n|-crit|p1a: Aerodactyl\n|-damage|p1a: Aerodactyl|3/100\n|move|p1a: Aerodactyl|Dragon Dance|p1a: Aerodactyl\n|-boost|p1a: Aerodactyl|atk|1\n|-boost|p1a: Aerodactyl|spe|1\n|\n|upkeep\n|turn|9\n|\n|t:|1776921790\n|move|p1a: Aerodactyl|Ice Fang|p2a: Garchomp\n|-supereffective|p2a: Garchomp|2\n|-damage|p2a: Garchomp|0 fnt\n|-damage|p1a: Aerodactyl|0 fnt|[from] ability: Rough Skin|[of] p2a: Garchomp\n|faint|p2a: Garchomp\n|faint|p1a: Aerodactyl\n|\n|win|dmddo412\n|raw|nagichan0121's rating: 1347 &rarr; <strong>1328</strong><br />(-19 for losing)\n|raw|dmddo412's rating: 1369 &rarr; <strong>1388</strong><br />(+19 for winning)\n|l|\u2606nagichan0121\n|player|p1|\n", "uploadtime": 1776921797, "views": 11, "formatid": "gen9championsbssregma", "rating": 1328, "private": 0, "password": null}