{"id": "gen9championsbssregma-2593405050", "format": "[Gen 9 Champions] BSS Reg M-A", "players": ["Ineedaonetype", "rrrrrrrrrrrre"], "log": "|j|\u2606Ineedaonetype\n|j|\u2606rrrrrrrrrrrre\n|t:|1777078902\n|gametype|singles\n|player|p1|Ineedaonetype|266|1389\n|player|p2|rrrrrrrrrrrre|hilbert|1288\n|gen|9\n|tier|[Gen 9 Champions] BSS Reg M-A\n|rated|\n|rule|Species Clause: Limit one of each Pok\u00e9mon\n|rule|Item Clause: Limit 1 of each item\n|clearpoke\n|poke|p1|Charizard, L50, M|\n|poke|p1|Garchomp, L50, F|\n|poke|p1|Corviknight, L50, M|\n|poke|p1|Scovillain, L50, F|\n|poke|p1|Palafin, L50, F|\n|poke|p1|Dragonite, L50, F|\n|poke|p2|Gengar, L50, F|\n|poke|p2|Corviknight, L50, F|\n|poke|p2|Hydreigon, L50, M|\n|poke|p2|Meowscarada, L50, F|\n|poke|p2|Charizard, L50, M|\n|poke|p2|Garchomp, L50, M|\n|teampreview|3\n|inactive|Battle timer is ON: inactive players will automatically lose when time's up. (requested by rrrrrrrrrrrre)\n|l|\u2606Ineedaonetype\n|inactive|Ineedaonetype disconnected and has a minute to reconnect!\n|player|p1|\n|j|\u2606Ineedaonetype\n|inactive|Ineedaonetype reconnected and has 70 seconds left.\n|player|p1|Ineedaonetype|266|\n|inactive|rrrrrrrrrrrre has 60 seconds left.\n|inactive|rrrrrrrrrrrre has 30 seconds left.\n|inactive|rrrrrrrrrrrre has 20 seconds left.\n|inactive|rrrrrrrrrrrre has 15 seconds left.\n|\n|t:|1777078978\n|teamsize|p1|3\n|teamsize|p2|3\n|start\n|switch|p1a: Palafin|Palafin, L50, F|100/100\n|switch|p2a: Gengar|Gengar, L50, F|100/100\n|turn|1\n|\n|t:|1777078994\n|detailschange|p1a: Palafin|Palafin-Hero, L50, F\n|switch|p1a: Garchomp|Garchomp, L50, F|100/100\n|detailschange|p2a: Gengar|Gengar-Mega, L50, F\n|-mega|p2a: Gengar|Gengar|Gengarite\n|move|p2a: Gengar|Shadow Ball|p1a: Garchomp\n|-damage|p1a: Garchomp|44/100\n|\n|upkeep\n|turn|2\n|\n|t:|1777079005\n|switch|p2a: Corviknight|Corviknight, L50, F|100/100\n|move|p1a: Garchomp|Stealth Rock|p2a: Corviknight\n|-sidestart|p2: rrrrrrrrrrrre|move: Stealth Rock\n|\n|upkeep\n|turn|3\n|\n|t:|1777079008\n|switch|p1a: Scovillain|Scovillain, L50, F|100/100\n|move|p2a: Corviknight|U-turn|p1a: Scovillain\n|-damage|p1a: Scovillain|80/100\n|\n|t:|1777079012\n|switch|p2a: Gengar|Gengar-Mega, L50, F|100/100|[from] U-turn\n|-damage|p2a: Gengar|88/100|[from] Stealth Rock\n|\n|-ability|p1a: Scovillain|Moody|boost\n|-boost|p1a: Scovillain|spa|2\n|-unboost|p1a: Scovillain|spe|1\n|upkeep\n|turn|4\n|\n|t:|1777079019\n|move|p1a: Scovillain|Protect|p1a: Scovillain\n|-singleturn|p1a: Scovillain|Protect\n|move|p2a: Gengar|Substitute|p2a: Gengar\n|-start|p2a: Gengar|Substitute\n|-damage|p2a: Gengar|63/100\n|\n|-ability|p1a: Scovillain|Moody|boost\n|-boost|p1a: Scovillain|def|2\n|-unboost|p1a: Scovillain|spd|1\n|upkeep\n|turn|5\n|\n|t:|1777079031\n|detailschange|p1a: Scovillain|Scovillain-Mega, L50, F\n|-mega|p1a: Scovillain|Scovillain|Scovillainite\n|move|p2a: Gengar|Sludge Wave|p1a: Scovillain\n|-supereffective|p1a: Scovillain|1\n|-damage|p1a: Scovillain|0 fnt\n|-status|p2a: Gengar|brn|[from] ability: Spicy Spray|[of] p1a: Scovillain\n|faint|p1a: Scovillain\n|\n|-damage|p2a: Gengar|57/100 brn|[from] brn\n|upkeep\n|\n|t:|1777079035\n|switch|p1a: Garchomp|Garchomp, L50, F|44/100\n|turn|6\n|\n|t:|1777079043\n|move|p1a: Garchomp|Earthquake|p2a: Gengar\n|-supereffective|p2a: Gengar|1\n|-end|p2a: Gengar|Substitute\n|move|p2a: Gengar|Shadow Ball|p1a: Garchomp\n|-damage|p1a: Garchomp|0 fnt\n|faint|p1a: Garchomp\n|\n|-damage|p2a: Gengar|52/100 brn|[from] brn\n|upkeep\n|\n|t:|1777079045\n|switch|p1a: Palafin|Palafin-Hero, L50, F|100/100\n|-activate|p1a: Palafin|ability: Zero to Hero\n|turn|7\n|\n|t:|1777079049\n|move|p1a: Palafin|Jet Punch|p2a: Gengar\n|-damage|p2a: Gengar|0 fnt\n|faint|p2a: Gengar\n|\n|upkeep\n|\n|t:|1777079060\n|switch|p2a: Meowscarada|Meowscarada, L50, F|100/100\n|-damage|p2a: Meowscarada|88/100|[from] Stealth Rock\n|turn|8\n|\n|t:|1777079063\n|move|p2a: Meowscarada|Flower Trick|p1a: Palafin\n|-start|p2a: Meowscarada|typechange|Grass|[from] ability: Protean\n|-supereffective|p1a: Palafin|1\n|-crit|p1a: Palafin\n|-damage|p1a: Palafin|15/100\n|move|p1a: Palafin|Drain Punch|p2a: Meowscarada\n|-damage|p2a: Meowscarada|31/100\n|-heal|p1a: Palafin|37/100|[from] drain|[of] p2a: Meowscarada\n|\n|-heal|p1a: Palafin|43/100|[from] item: Leftovers\n|upkeep\n|turn|9\n|\n|t:|1777079067\n|move|p1a: Palafin|Jet Punch|p2a: Meowscarada\n|-resisted|p2a: Meowscarada|1\n|-damage|p2a: Meowscarada|0 fnt\n|faint|p2a: Meowscarada\n|\n|-heal|p1a: Palafin|48/100|[from] item: Leftovers\n|upkeep\n|\n|t:|1777079073\n|switch|p2a: Corviknight|Corviknight, L50, F|100/100\n|-damage|p2a: Corviknight|88/100|[from] Stealth Rock\n|turn|10\n|\n|t:|1777079078\n|move|p1a: Palafin|Wave Crash|p2a: Corviknight\n|-damage|p2a: Corviknight|41/100\n|-damage|p1a: Palafin|33/100|[from] Recoil\n|move|p2a: Corviknight|Body Press|p1a: Palafin\n|-damage|p1a: Palafin|10/100\n|\n|-heal|p1a: Palafin|16/100|[from] item: Leftovers\n|-heal|p2a: Corviknight|47/100|[from] item: Leftovers\n|upkeep\n|turn|11\n|\n|t:|1777079081\n|move|p1a: Palafin|Wave Crash|p2a: Corviknight\n|-damage|p2a: Corviknight|0 fnt\n|faint|p2a: Corviknight\n|-damage|p1a: Palafin|1/100|[from] Recoil\n|\n|win|Ineedaonetype\n|raw|Ineedaonetype's rating: 1389 &rarr; <strong>1403</strong><br />(+14 for winning)\n|raw|rrrrrrrrrrrre's rating: 1288 &rarr; <strong>1270</strong><br />(-18 for losing)\n|l|\u2606rrrrrrrrrrrre\n|player|p2|\n", "uploadtime": 1777079129, "views": 20, "formatid": "gen9championsbssregma", "rating": 1270, "private": 0, "password": null}