{"id": "gen9championsbssregma-2589717158", "format": "[Gen 9 Champions] BSS Reg M-A", "players": ["outsidetoday", "sunshne"], "log": "|j|\u2606outsidetoday\n|j|\u2606sunshne\n|t:|1776751205\n|gametype|singles\n|player|p1|outsidetoday|roughneck|1377\n|player|p2|sunshne|lyra|1340\n|gen|9\n|tier|[Gen 9 Champions] BSS Reg M-A\n|rated|\n|rule|Species Clause: Limit one of each Pok\u00e9mon\n|rule|Item Clause: Limit 1 of each item\n|clearpoke\n|poke|p1|Garchomp, L50, M, shiny|\n|poke|p1|Primarina, L50, F, shiny|\n|poke|p1|Corviknight, L50, M, shiny|\n|poke|p1|Delphox, L50, F, shiny|\n|poke|p1|Meowscarada, L50, F, shiny|\n|poke|p1|Scizor, L50, M, shiny|\n|poke|p2|Archaludon, L50, F|\n|poke|p2|Froslass, L50, F|\n|poke|p2|Garchomp, L50, F|\n|poke|p2|Lucario, L50, M|\n|poke|p2|Sneasler, L50, M|\n|poke|p2|Mimikyu, L50, F|\n|teampreview|3\n|inactive|Battle timer is ON: inactive players will automatically lose when time's up. (requested by outsidetoday)\n|inactive|outsidetoday has 60 seconds left.\n|inactive|sunshne has 60 seconds left.\n|\n|t:|1776751237\n|teamsize|p1|3\n|teamsize|p2|3\n|start\n|switch|p1a: Meowscarada|Meowscarada, L50, F, shiny|100/100\n|switch|p2a: Archaludon|Archaludon, L50, F|100/100\n|turn|1\n|\n|t:|1776751243\n|move|p1a: Meowscarada|U-turn|p2a: Archaludon\n|-start|p1a: Meowscarada|typechange|Bug|[from] ability: Protean\n|-resisted|p2a: Archaludon|1\n|-damage|p2a: Archaludon|92/100\n|-ability|p2a: Archaludon|Stamina|boost\n|-boost|p2a: Archaludon|def|1\n|\n|t:|1776751250\n|switch|p1a: Delphox|Delphox, L50, F, shiny|100/100|[from] U-turn\n|move|p2a: Archaludon|Thunder Wave|p1a: Delphox\n|-status|p1a: Delphox|par\n|\n|upkeep\n|turn|2\n|\n|t:|1776751265\n|detailschange|p1a: Delphox|Delphox-Mega, L50, F, shiny\n|-mega|p1a: Delphox|Delphox|Delphoxite\n|move|p1a: Delphox|Calm Mind|p1a: Delphox\n|-boost|p1a: Delphox|spa|1\n|-boost|p1a: Delphox|spd|1\n|move|p2a: Archaludon|Dragon Tail|p1a: Delphox\n|-damage|p1a: Delphox|68/100 par\n|drag|p1a: Meowscarada|Meowscarada, L50, F, shiny|100/100\n|\n|upkeep\n|turn|3\n|\n|t:|1776751275\n|move|p1a: Meowscarada|Knock Off|p2a: Archaludon\n|-start|p1a: Meowscarada|typechange|Dark|[from] ability: Protean\n|-damage|p2a: Archaludon|76/100\n|-ability|p2a: Archaludon|Stamina|boost\n|-boost|p2a: Archaludon|def|1\n|-enditem|p2a: Archaludon|Sitrus Berry|[from] move: Knock Off|[of] p1a: Meowscarada\n|move|p2a: Archaludon|Stealth Rock|p1a: Meowscarada\n|-sidestart|p1: outsidetoday|move: Stealth Rock\n|\n|upkeep\n|turn|4\n|\n|t:|1776751287\n|switch|p1a: Delphox|Delphox-Mega, L50, F, shiny|68/100 par\n|-damage|p1a: Delphox|43/100 par|[from] Stealth Rock\n|move|p2a: Archaludon|Flash Cannon|p1a: Delphox\n|-resisted|p1a: Delphox|1\n|-damage|p1a: Delphox|28/100 par\n|\n|upkeep\n|turn|5\n|\n|t:|1776751295\n|move|p1a: Delphox|Flamethrower|p2a: Archaludon\n|-damage|p2a: Archaludon|4/100\n|-ability|p2a: Archaludon|Stamina|boost\n|-boost|p2a: Archaludon|def|1\n|move|p2a: Archaludon|Dragon Tail|p1a: Delphox\n|-damage|p1a: Delphox|0 fnt\n|faint|p1a: Delphox\n|\n|upkeep\n|\n|t:|1776751303\n|switch|p1a: Meowscarada|Meowscarada, L50, F, shiny|100/100\n|-damage|p1a: Meowscarada|88/100|[from] Stealth Rock\n|turn|6\n|\n|t:|1776751314\n|move|p1a: Meowscarada|Knock Off|p2a: Archaludon\n|-start|p1a: Meowscarada|typechange|Dark|[from] ability: Protean\n|-damage|p2a: Archaludon|0 fnt\n|faint|p2a: Archaludon\n|\n|upkeep\n|\n|t:|1776751322\n|switch|p2a: Sneasler|Sneasler, L50, M|100/100\n|turn|7\n|\n|t:|1776751328\n|switch|p1a: Garchomp|Garchomp, L50, M, shiny|100/100\n|-damage|p1a: Garchomp|95/100|[from] Stealth Rock\n|move|p2a: Sneasler|Close Combat|p1a: Garchomp\n|-damage|p1a: Garchomp|24/100\n|-unboost|p2a: Sneasler|def|1\n|-unboost|p2a: Sneasler|spd|1\n|-damage|p2a: Sneasler|88/100|[from] ability: Rough Skin|[of] p1a: Garchomp\n|\n|upkeep\n|turn|8\n|\n|t:|1776751348\n|move|p2a: Sneasler|Dire Claw|p1a: Garchomp\n|-resisted|p1a: Garchomp|1\n|-damage|p1a: Garchomp|3/100\n|-status|p1a: Garchomp|par\n|-damage|p2a: Sneasler|76/100|[from] ability: Rough Skin|[of] p1a: Garchomp\n|move|p1a: Garchomp|Earthquake|p2a: Sneasler\n|-supereffective|p2a: Sneasler|1\n|-damage|p2a: Sneasler|0 fnt\n|faint|p2a: Sneasler\n|\n|upkeep\n|\n|t:|1776751351\n|switch|p2a: Froslass|Froslass, L50, F|100/100\n|turn|9\n|\n|t:|1776751369\n|detailschange|p2a: Froslass|Froslass-Mega, L50, F\n|-mega|p2a: Froslass|Froslass|Froslassite\n|-weather|Snowscape|[from] ability: Snow Warning|[of] p2a: Froslass\n|move|p2a: Froslass|Aurora Veil|p2a: Froslass\n|-sidestart|p2: sunshne|move: Aurora Veil\n|move|p1a: Garchomp|Earthquake|p2a: Froslass\n|-damage|p2a: Froslass|75/100\n|\n|-weather|Snowscape|[upkeep]\n|upkeep\n|turn|10\n|\n|t:|1776751378\n|move|p2a: Froslass|Hex|p1a: Garchomp\n|-damage|p1a: Garchomp|0 fnt\n|faint|p1a: Garchomp\n|\n|-weather|Snowscape|[upkeep]\n|upkeep\n|\n|t:|1776751385\n|switch|p1a: Meowscarada|Meowscarada, L50, F, shiny|88/100\n|-damage|p1a: Meowscarada|76/100|[from] Stealth Rock\n|turn|11\n|\n|t:|1776751391\n|move|p1a: Meowscarada|Knock Off|p2a: Froslass\n|-start|p1a: Meowscarada|typechange|Dark|[from] ability: Protean\n|-supereffective|p2a: Froslass|1\n|-damage|p2a: Froslass|46/100\n|move|p2a: Froslass|Blizzard|p1a: Meowscarada\n|-damage|p1a: Meowscarada|0 fnt\n|faint|p1a: Meowscarada\n|\n|win|sunshne\n|raw|outsidetoday's rating: 1377 &rarr; <strong>1355</strong><br />(-22 for losing)\n|raw|sunshne's rating: 1340 &rarr; <strong>1362</strong><br />(+22 for winning)\n|l|\u2606outsidetoday\n|player|p1|\n|l|\u2606sunshne\n|player|p2|\n", "uploadtime": 1776751430, "views": 4, "formatid": "gen9championsbssregma", "rating": 1355, "private": 0, "password": null}