{"id": "gen9championsbssregma-2594925460", "format": "[Gen 9 Champions] BSS Reg M-A", "players": ["Altbou", "driflount drifloon"], "log": "|j|\u2606Altbou\n|j|\u2606driflount drifloon\n|t:|1777245640\n|gametype|singles\n|player|p1|Altbou|2|1221\n|player|p2|driflount drifloon|brock|1235\n|gen|9\n|tier|[Gen 9 Champions] BSS Reg M-A\n|rated|\n|rule|Species Clause: Limit one of each Pok\u00e9mon\n|rule|Item Clause: Limit 1 of each item\n|clearpoke\n|poke|p1|Meowscarada, L50, F|\n|poke|p1|Tyranitar, L50, F|\n|poke|p1|Dragonite, L50, F|\n|poke|p1|Corviknight, L50, M|\n|poke|p1|Slowking-Galar, L50, M|\n|poke|p1|Volcarona, L50, F|\n|poke|p2|Espathra, L50, M|\n|poke|p2|Glimmora, L50, F|\n|poke|p2|Slowbro, L50, F|\n|poke|p2|Clefable, L50, M|\n|poke|p2|Corviknight, L50, M|\n|poke|p2|Incineroar, L50, M|\n|teampreview|3\n|inactive|Battle timer is ON: inactive players will automatically lose when time's up. (requested by driflount drifloon)\n|inactive|Altbou has 60 seconds left.\n|\n|t:|1777245700\n|teamsize|p1|3\n|teamsize|p2|3\n|start\n|switch|p1a: Tyranitar|Tyranitar, L50, F|100/100\n|switch|p2a: Glimmora|Glimmora, L50, F|100/100\n|-weather|Sandstorm|[from] ability: Sand Stream|[of] p1a: Tyranitar\n|turn|1\n|\n|t:|1777245714\n|detailschange|p1a: Tyranitar|Tyranitar-Mega, L50, F\n|-mega|p1a: Tyranitar|Tyranitar|Tyranitarite\n|move|p2a: Glimmora|Stealth Rock|p1a: Tyranitar\n|-sidestart|p1: Altbou|move: Stealth Rock\n|move|p1a: Tyranitar|Dragon Dance|p1a: Tyranitar\n|-boost|p1a: Tyranitar|atk|1\n|-boost|p1a: Tyranitar|spe|1\n|\n|-weather|Sandstorm|[upkeep]\n|upkeep\n|turn|2\n|\n|t:|1777245738\n|move|p1a: Tyranitar|Knock Off|p2a: Glimmora\n|-enditem|p2a: Glimmora|Focus Sash\n|-damage|p2a: Glimmora|1/100\n|-activate|p2a: Glimmora|ability: Toxic Debris\n|-sidestart|p1: Altbou|move: Toxic Spikes\n|move|p2a: Glimmora|Mud Shot|p1a: Tyranitar\n|-supereffective|p1a: Tyranitar|1\n|-damage|p1a: Tyranitar|79/100\n|-unboost|p1a: Tyranitar|spe|1\n|\n|-weather|Sandstorm|[upkeep]\n|upkeep\n|turn|3\n|inactive|driflount drifloon has 30 seconds left.\n|\n|t:|1777245766\n|move|p2a: Glimmora|Memento|p1a: Tyranitar\n|-unboost|p1a: Tyranitar|atk|2\n|-unboost|p1a: Tyranitar|spa|2\n|faint|p2a: Glimmora\n|move|p1a: Tyranitar|Knock Off|p2: Glimmora|[notarget]\n|-fail|p1a: Tyranitar\n|\n|-weather|Sandstorm|[upkeep]\n|upkeep\n|\n|t:|1777245780\n|switch|p2a: Clefable|Clefable, L50, M|100/100\n|turn|4\n|inactive|Altbou has 30 seconds left.\n|inactive|Altbou has 20 seconds left.\n|\n|t:|1777245817\n|detailschange|p2a: Clefable|Clefable-Mega, L50, M\n|-mega|p2a: Clefable|Clefable|Clefablite\n|move|p1a: Tyranitar|Rock Slide|p2a: Clefable\n|-supereffective|p2a: Clefable|1\n|-damage|p2a: Clefable|52/100\n|cant|p2a: Clefable|flinch\n|\n|-weather|Sandstorm|[upkeep]\n|-damage|p2a: Clefable|46/100|[from] Sandstorm\n|upkeep\n|turn|5\n|\n|t:|1777245838\n|switch|p2a: Incineroar|Incineroar, L50, M|100/100\n|-ability|p2a: Incineroar|Intimidate|boost\n|-unboost|p1a: Tyranitar|atk|1\n|move|p1a: Tyranitar|Rock Slide|p2a: Incineroar\n|-supereffective|p2a: Incineroar|1\n|-damage|p2a: Incineroar|49/100\n|\n|-weather|none\n|upkeep\n|turn|6\n|\n|t:|1777245859\n|move|p1a: Tyranitar|Dragon Dance|p1a: Tyranitar\n|-boost|p1a: Tyranitar|atk|1\n|-boost|p1a: Tyranitar|spe|1\n|move|p2a: Incineroar|Flame Charge|p1a: Tyranitar\n|-resisted|p1a: Tyranitar|1\n|-damage|p1a: Tyranitar|72/100\n|-boost|p2a: Incineroar|spe|1\n|\n|upkeep\n|turn|7\n|\n|t:|1777245870\n|move|p1a: Tyranitar|Dragon Dance|p1a: Tyranitar\n|-boost|p1a: Tyranitar|atk|1\n|-boost|p1a: Tyranitar|spe|1\n|move|p2a: Incineroar|Bulk Up|p2a: Incineroar\n|-boost|p2a: Incineroar|atk|1\n|-boost|p2a: Incineroar|def|1\n|\n|upkeep\n|turn|8\n|\n|t:|1777245883\n|move|p1a: Tyranitar|Rock Slide|p2a: Incineroar\n|-supereffective|p2a: Incineroar|1\n|-damage|p2a: Incineroar|0 fnt\n|faint|p2a: Incineroar\n|\n|upkeep\n|\n|t:|1777245889\n|switch|p2a: Clefable|Clefable-Mega, L50, M|46/100\n|turn|9\n|\n|t:|1777245893\n|move|p1a: Tyranitar|Rock Slide|p2a: Clefable\n|-supereffective|p2a: Clefable|1\n|-damage|p2a: Clefable|0 fnt\n|faint|p2a: Clefable\n|\n|win|Altbou\n|raw|Altbou's rating: 1221 &rarr; <strong>1247</strong><br />(+26 for winning)\n|raw|driflount drifloon's rating: 1235 &rarr; <strong>1209</strong><br />(-26 for losing)\n|l|\u2606Altbou\n|player|p1|\n", "uploadtime": 1777245903, "views": 4, "formatid": "gen9championsbssregma", "rating": 1209, "private": 0, "password": null}