{"id": "gen9championsbssregma-2590075903", "format": "[Gen 9 Champions] BSS Reg M-A", "players": ["bandedzamkarp", "gshs5"], "log": "|j|\u2606bandedzamkarp\n|j|\u2606gshs5\n|t:|1776785402\n|gametype|singles\n|player|p1|bandedzamkarp|1|1205\n|player|p2|gshs5|101|1155\n|gen|9\n|tier|[Gen 9 Champions] BSS Reg M-A\n|rated|\n|rule|Species Clause: Limit one of each Pok\u00e9mon\n|rule|Item Clause: Limit 1 of each item\n|clearpoke\n|poke|p1|Starmie, L50|\n|poke|p1|Lopunny, L50, F|\n|poke|p1|Lucario, L50, M|\n|poke|p1|Gengar, L50, F|\n|poke|p1|Hydrapple, L50, M|\n|poke|p1|Hippowdon, L50, M|\n|poke|p2|Venusaur, L50, M|\n|poke|p2|Hippowdon, L50, F|\n|poke|p2|Aegislash, L50, M|\n|poke|p2|Altaria, L50, M|\n|poke|p2|Rotom-Wash, L50|\n|poke|p2|Scovillain, L50, F|\n|teampreview|3\n|\n|t:|1776785427\n|teamsize|p1|3\n|teamsize|p2|3\n|start\n|switch|p1a: Lopunny|Lopunny, L50, F|100/100\n|switch|p2a: Rotom|Rotom-Wash, L50|100/100\n|turn|1\n|\n|t:|1776785431\n|detailschange|p1a: Lopunny|Lopunny-Mega, L50, F\n|-mega|p1a: Lopunny|Lopunny|Lopunnite\n|move|p1a: Lopunny|Fake Out|p2a: Rotom\n|-damage|p2a: Rotom|81/100\n|cant|p2a: Rotom|flinch\n|\n|upkeep\n|turn|2\n|\n|t:|1776785448\n|move|p1a: Lopunny|U-turn|p2a: Rotom\n|-damage|p2a: Rotom|62/100\n|\n|t:|1776785449\n|switch|p1a: Hydrapple|Hydrapple, L50, M|100/100|[from] U-turn\n|move|p2a: Rotom|Will-O-Wisp|p1a: Hydrapple\n|-status|p1a: Hydrapple|brn\n|\n|-damage|p1a: Hydrapple|94/100 brn|[from] brn\n|upkeep\n|turn|3\n|\n|t:|1776785457\n|move|p2a: Rotom|Volt Switch|p1a: Hydrapple\n|-resisted|p1a: Hydrapple|2\n|-damage|p1a: Hydrapple|88/100 brn\n|\n|t:|1776785460\n|switch|p2a: Aegislash|Aegislash, L50, M|100/100|[from] Volt Switch\n|move|p1a: Hydrapple|Fickle Beam|p2a: Aegislash\n|-resisted|p2a: Aegislash|1\n|-damage|p2a: Aegislash|75/100\n|\n|-damage|p1a: Hydrapple|82/100 brn|[from] brn\n|upkeep\n|turn|4\n|\n|t:|1776785473\n|switch|p1a: Lopunny|Lopunny-Mega, L50, F|100/100\n|-formechange|p2a: Aegislash|Aegislash-Blade|\n|move|p2a: Aegislash|Shadow Ball|p1a: Lopunny\n|-immune|p1a: Lopunny\n|\n|upkeep\n|turn|5\n|\n|t:|1776785477\n|move|p1a: Lopunny|Close Combat|p2a: Aegislash\n|-supereffective|p2a: Aegislash|1\n|-damage|p2a: Aegislash|0 fnt\n|-unboost|p1a: Lopunny|def|1\n|-unboost|p1a: Lopunny|spd|1\n|faint|p2a: Aegislash\n|\n|upkeep\n|\n|t:|1776785483\n|switch|p2a: Altaria|Altaria, L50, M|100/100\n|-ability|p2a: Altaria|Cloud Nine\n|turn|6\n|\n|t:|1776785489\n|detailschange|p2a: Altaria|Altaria-Mega, L50, M\n|-mega|p2a: Altaria|Altaria|Altarianite\n|move|p1a: Lopunny|U-turn|p2a: Altaria\n|-resisted|p2a: Altaria|1\n|-damage|p2a: Altaria|86/100\n|\n|t:|1776785493\n|switch|p1a: Gengar|Gengar, L50, F|100/100|[from] U-turn\n|move|p2a: Altaria|Dragon Dance|p2a: Altaria\n|-boost|p2a: Altaria|atk|1\n|-boost|p2a: Altaria|spe|1\n|\n|upkeep\n|turn|7\n|\n|t:|1776785498\n|move|p2a: Altaria|Earthquake|p1a: Gengar\n|-supereffective|p1a: Gengar|1\n|-damage|p1a: Gengar|0 fnt\n|faint|p1a: Gengar\n|\n|upkeep\n|\n|t:|1776785506\n|switch|p1a: Lopunny|Lopunny-Mega, L50, F|100/100\n|turn|8\n|\n|t:|1776785510\n|move|p1a: Lopunny|Fake Out|p2a: Altaria\n|-damage|p2a: Altaria|61/100\n|cant|p2a: Altaria|flinch\n|\n|upkeep\n|turn|9\n|\n|t:|1776785517\n|move|p2a: Altaria|Double-Edge|p1a: Lopunny\n|-supereffective|p1a: Lopunny|1\n|-damage|p1a: Lopunny|0 fnt\n|faint|p1a: Lopunny\n|-damage|p2a: Altaria|31/100|[from] Recoil\n|\n|upkeep\n|\n|t:|1776785520\n|switch|p1a: Hydrapple|Hydrapple, L50, M|100/100 brn\n|turn|10\n|-activate|p1a: Hydrapple|item: Quick Claw\n|\n|t:|1776785527\n|move|p1a: Hydrapple|Earth Power|p2a: Altaria\n|-damage|p2a: Altaria|0 fnt\n|faint|p2a: Altaria\n|\n|-damage|p1a: Hydrapple|94/100 brn|[from] brn\n|upkeep\n|\n|t:|1776785532\n|switch|p2a: Rotom|Rotom-Wash, L50|62/100\n|turn|11\n|\n|t:|1776785535\n|move|p2a: Rotom|Hydro Pump|p1a: Hydrapple\n|-resisted|p1a: Hydrapple|2\n|-damage|p1a: Hydrapple|85/100 brn\n|move|p1a: Hydrapple|Leaf Storm|p2a: Rotom\n|-supereffective|p2a: Rotom|1\n|-damage|p2a: Rotom|0 fnt\n|-unboost|p1a: Hydrapple|spa|2\n|faint|p2a: Rotom\n|\n|win|bandedzamkarp\n|raw|bandedzamkarp's rating: 1205 &rarr; <strong>1226</strong><br />(+21 for winning)\n|raw|gshs5's rating: 1155 &rarr; <strong>1134</strong><br />(-21 for losing)\n", "uploadtime": 1776785537, "views": 1, "formatid": "gen9championsbssregma", "rating": 1134, "private": 0, "password": null}