{"id": "gen9championsbssregma-2589850011", "format": "[Gen 9 Champions] BSS Reg M-A", "players": ["joguri", "Ka_Nubis"], "log": "|j|\u2606joguri\n|j|\u2606Ka_Nubis\n|t:|1776767025\n|gametype|singles\n|player|p1|joguri|dawn|1171\n|player|p2|Ka_Nubis|waiter-gen4dp|1146\n|gen|9\n|tier|[Gen 9 Champions] BSS Reg M-A\n|rated|\n|rule|Species Clause: Limit one of each Pok\u00e9mon\n|rule|Item Clause: Limit 1 of each item\n|clearpoke\n|poke|p1|Lopunny, L50, M|\n|poke|p1|Garchomp, L50, F|\n|poke|p1|Glimmora, L50, M|\n|poke|p1|Primarina, L50, M|\n|poke|p1|Corviknight, L50, F|\n|poke|p1|Clefable, L50, M|\n|poke|p2|Charizard, L50, F, shiny|\n|poke|p2|Garchomp, L50, F|\n|poke|p2|Glimmora, L50, M|\n|poke|p2|Volcarona, L50, M|\n|poke|p2|Azumarill, L50, F|\n|poke|p2|Starmie, L50|\n|teampreview|3\n|inactive|Battle timer is ON: inactive players will automatically lose when time's up. (requested by Ka_Nubis)\n|\n|t:|1776767045\n|teamsize|p1|3\n|teamsize|p2|3\n|start\n|switch|p1a: Lopunny|Lopunny, L50, M|100/100\n|switch|p2a: Garchomp|Garchomp, L50, F|100/100\n|turn|1\n|\n|t:|1776767049\n|move|p2a: Garchomp|Earthquake|p1a: Lopunny\n|-damage|p1a: Lopunny|44/100\n|move|p1a: Lopunny|Cotton Guard|p1a: Lopunny\n|-boost|p1a: Lopunny|def|3\n|\n|upkeep\n|turn|2\n|\n|t:|1776767057\n|move|p2a: Garchomp|Earthquake|p1a: Lopunny\n|-damage|p1a: Lopunny|20/100\n|move|p1a: Lopunny|Cotton Guard|p1a: Lopunny\n|-boost|p1a: Lopunny|def|3\n|\n|upkeep\n|turn|3\n|\n|t:|1776767063\n|move|p2a: Garchomp|Earthquake|p1a: Lopunny\n|-damage|p1a: Lopunny|4/100\n|move|p1a: Lopunny|Baton Pass|p1a: Lopunny\n|\n|t:|1776767066\n|switch|p1a: Clefable|Clefable, L50, M|100/100|[from] Baton Pass\n|\n|upkeep\n|turn|4\n|\n|t:|1776767072\n|switch|p2a: Starmie|Starmie, L50|100/100\n|move|p1a: Clefable|Calm Mind|p1a: Clefable\n|-boost|p1a: Clefable|spa|1\n|-boost|p1a: Clefable|spd|1\n|\n|upkeep\n|turn|5\n|\n|t:|1776767079\n|detailschange|p2a: Starmie|Starmie-Mega, L50\n|-mega|p2a: Starmie|Starmie|Starminite\n|move|p2a: Starmie|Liquidation|p1a: Clefable\n|-damage|p1a: Clefable|78/100\n|move|p1a: Clefable|Calm Mind|p1a: Clefable\n|-boost|p1a: Clefable|spa|1\n|-boost|p1a: Clefable|spd|1\n|\n|upkeep\n|turn|6\n|\n|t:|1776767086\n|move|p2a: Starmie|Liquidation|p1a: Clefable\n|-damage|p1a: Clefable|55/100\n|move|p1a: Clefable|Calm Mind|p1a: Clefable\n|-boost|p1a: Clefable|spa|1\n|-boost|p1a: Clefable|spd|1\n|\n|upkeep\n|turn|7\n|\n|t:|1776767092\n|move|p2a: Starmie|Liquidation|p1a: Clefable\n|-damage|p1a: Clefable|35/100\n|move|p1a: Clefable|Calm Mind|p1a: Clefable\n|-boost|p1a: Clefable|spa|1\n|-boost|p1a: Clefable|spd|1\n|\n|upkeep\n|turn|8\n|\n|t:|1776767098\n|move|p2a: Starmie|Liquidation|p1a: Clefable\n|-damage|p1a: Clefable|14/100\n|move|p1a: Clefable|Moonlight|p1a: Clefable\n|-heal|p1a: Clefable|64/100\n|\n|upkeep\n|turn|9\n|\n|t:|1776767104\n|move|p2a: Starmie|Liquidation|p1a: Clefable\n|-damage|p1a: Clefable|42/100\n|move|p1a: Clefable|Moonlight|p1a: Clefable\n|-heal|p1a: Clefable|92/100\n|\n|upkeep\n|turn|10\n|\n|t:|1776767111\n|move|p2a: Starmie|Liquidation|p1a: Clefable\n|-damage|p1a: Clefable|69/100\n|move|p1a: Clefable|Moonblast|p2a: Starmie\n|-damage|p2a: Starmie|0 fnt\n|faint|p2a: Starmie\n|\n|upkeep\n|\n|t:|1776767114\n|switch|p2a: Azumarill|Azumarill, L50, F|100/100\n|turn|11\n|\n|t:|1776767123\n|move|p1a: Clefable|Moonblast|p2a: Azumarill\n|-damage|p2a: Azumarill|0 fnt\n|faint|p2a: Azumarill\n|\n|upkeep\n|\n|t:|1776767125\n|switch|p2a: Garchomp|Garchomp, L50, F|100/100\n|turn|12\n|\n|t:|1776767129\n|move|p2a: Garchomp|Earthquake|p1a: Clefable\n|-damage|p1a: Clefable|54/100\n|move|p1a: Clefable|Moonblast|p2a: Garchomp\n|-supereffective|p2a: Garchomp|1\n|-damage|p2a: Garchomp|0 fnt\n|faint|p2a: Garchomp\n|\n|win|joguri\n|raw|joguri's rating: 1171 &rarr; <strong>1194</strong><br />(+23 for winning)\n|raw|Ka_Nubis's rating: 1146 &rarr; <strong>1123</strong><br />(-23 for losing)\n|l|\u2606Ka_Nubis\n|player|p2|\n", "uploadtime": 1776767138, "views": 3, "formatid": "gen9championsbssregma", "rating": 1123, "private": 0, "password": null}