{"id": "gen9championsbssregma-2594384842", "format": "[Gen 9 Champions] BSS Reg M-A", "players": ["deokso king", "kerom.pk"], "log": "|j|\u2606deokso king\n|j|\u203dkerom.pk\n|t:|1777189447\n|gametype|singles\n|player|p1|deokso king|bellelba|1289\n|player|p2|kerom.pk|170|1451\n|gen|9\n|tier|[Gen 9 Champions] BSS Reg M-A\n|rated|\n|rule|Species Clause: Limit one of each Pok\u00e9mon\n|rule|Item Clause: Limit 1 of each item\n|clearpoke\n|poke|p1|Corviknight, L50, M|\n|poke|p1|Gengar, L50, M|\n|poke|p1|Garchomp, L50, M|\n|poke|p1|Bellibolt, L50, F|\n|poke|p1|Charizard, L50, F|\n|poke|p1|Mimikyu, L50, M|\n|poke|p2|Basculegion, L50, M|\n|poke|p2|Chesnaught, L50, F|\n|poke|p2|Slowking-Galar, L50, F|\n|poke|p2|Lopunny, L50, F|\n|poke|p2|Hippowdon, L50, M|\n|poke|p2|Skeledirge, L50, F|\n|teampreview|3\n|inactive|Battle timer is ON: inactive players will automatically lose when time's up. (requested by deokso king)\n|inactive|kerom.pk has 60 seconds left.\n|\n|t:|1777189492\n|teamsize|p1|3\n|teamsize|p2|3\n|start\n|switch|p1a: Charizard|Charizard, L50, F|100/100\n|switch|p2a: Lopunny|Lopunny, L50, F|100/100\n|turn|1\n|\n|t:|1777189505\n|switch|p1a: Bellibolt|Bellibolt, L50, F|100/100\n|detailschange|p2a: Lopunny|Lopunny-Mega, L50, F\n|-mega|p2a: Lopunny|Lopunny|Lopunnite\n|move|p2a: Lopunny|Fake Out|p1a: Bellibolt\n|-damage|p1a: Bellibolt|87/100\n|-start|p1a: Bellibolt|Charge|Fake Out|[from] ability: Electromorphosis\n|\n|upkeep\n|turn|2\n|\n|t:|1777189516\n|move|p2a: Lopunny|U-turn|p1a: Bellibolt\n|-damage|p1a: Bellibolt|71/100\n|-start|p1a: Bellibolt|Charge|U-turn|[from] ability: Electromorphosis\n|\n|t:|1777189518\n|switch|p2a: Hippowdon|Hippowdon, L50, M|100/100|[from] U-turn\n|-weather|Sandstorm|[from] ability: Sand Stream|[of] p2a: Hippowdon\n|move|p1a: Bellibolt|Soak|p2a: Hippowdon\n|-start|p2a: Hippowdon|typechange|Water\n|\n|-weather|Sandstorm|[upkeep]\n|-damage|p2a: Hippowdon|93/100|[from] Sandstorm\n|-damage|p1a: Bellibolt|65/100|[from] Sandstorm\n|upkeep\n|turn|3\n|\n|t:|1777189533\n|switch|p2a: Lopunny|Lopunny-Mega, L50, F|100/100\n|move|p1a: Bellibolt|Parabolic Charge|p2a: Lopunny\n|-damage|p2a: Lopunny|40/100\n|-heal|p1a: Bellibolt|85/100|[from] drain|[of] p2a: Lopunny\n|-end|p1a: Bellibolt|Charge|[silent]\n|\n|-weather|Sandstorm|[upkeep]\n|-damage|p2a: Lopunny|34/100|[from] Sandstorm\n|-damage|p1a: Bellibolt|79/100|[from] Sandstorm\n|upkeep\n|turn|4\n|\n|t:|1777189545\n|move|p2a: Lopunny|Fake Out|p1a: Bellibolt\n|-damage|p1a: Bellibolt|65/100\n|-start|p1a: Bellibolt|Charge|Fake Out|[from] ability: Electromorphosis\n|cant|p1a: Bellibolt|flinch\n|\n|-weather|Sandstorm|[upkeep]\n|-damage|p2a: Lopunny|29/100|[from] Sandstorm\n|-damage|p1a: Bellibolt|59/100|[from] Sandstorm\n|upkeep\n|turn|5\n|\n|t:|1777189566\n|move|p2a: Lopunny|Close Combat|p1a: Bellibolt\n|-damage|p1a: Bellibolt|17/100\n|-unboost|p2a: Lopunny|def|1\n|-unboost|p2a: Lopunny|spd|1\n|-start|p1a: Bellibolt|Charge|Close Combat|[from] ability: Electromorphosis\n|-enditem|p1a: Bellibolt|Sitrus Berry|[eat]\n|-heal|p1a: Bellibolt|42/100|[from] item: Sitrus Berry\n|move|p1a: Bellibolt|Slack Off|p1a: Bellibolt\n|-heal|p1a: Bellibolt|92/100\n|\n|-weather|Sandstorm|[upkeep]\n|-damage|p2a: Lopunny|23/100|[from] Sandstorm\n|-damage|p1a: Bellibolt|86/100|[from] Sandstorm\n|upkeep\n|turn|6\n|\n|t:|1777189579\n|move|p2a: Lopunny|Close Combat|p1a: Bellibolt\n|-damage|p1a: Bellibolt|48/100\n|-unboost|p2a: Lopunny|def|1\n|-unboost|p2a: Lopunny|spd|1\n|-start|p1a: Bellibolt|Charge|Close Combat|[from] ability: Electromorphosis\n|move|p1a: Bellibolt|Soak|p2a: Lopunny\n|-start|p2a: Lopunny|typechange|Water\n|\n|-weather|none\n|upkeep\n|turn|7\n|\n|t:|1777189590\n|move|p2a: Lopunny|U-turn|p1a: Bellibolt\n|-damage|p1a: Bellibolt|33/100\n|-start|p1a: Bellibolt|Charge|U-turn|[from] ability: Electromorphosis\n|\n|t:|1777189591\n|switch|p2a: Hippowdon|Hippowdon, L50, M|93/100|[from] U-turn\n|-weather|Sandstorm|[from] ability: Sand Stream|[of] p2a: Hippowdon\n|move|p1a: Bellibolt|Slack Off|p1a: Bellibolt\n|-heal|p1a: Bellibolt|83/100\n|\n|-weather|Sandstorm|[upkeep]\n|-damage|p1a: Bellibolt|77/100|[from] Sandstorm\n|upkeep\n|turn|8\n|\n|t:|1777189598\n|switch|p1a: Charizard|Charizard, L50, F|100/100\n|move|p2a: Hippowdon|Earthquake|p1a: Charizard\n|-immune|p1a: Charizard\n|\n|-weather|Sandstorm|[upkeep]\n|-damage|p1a: Charizard|94/100|[from] Sandstorm\n|upkeep\n|turn|9\n|\n|t:|1777189604\n|detailschange|p1a: Charizard|Charizard-Mega-Y, L50, F\n|-mega|p1a: Charizard|Charizard|Charizardite Y\n|-weather|SunnyDay|[from] ability: Drought|[of] p1a: Charizard\n|move|p1a: Charizard|Substitute|p1a: Charizard\n|-start|p1a: Charizard|Substitute\n|-damage|p1a: Charizard|69/100\n|move|p2a: Hippowdon|Yawn||[still]\n|-fail|p2a: Hippowdon\n|\n|-weather|SunnyDay|[upkeep]\n|upkeep\n|turn|10\n|\n|t:|1777189616\n|switch|p2a: Lopunny|Lopunny-Mega, L50, F|23/100\n|move|p1a: Charizard|Solar Beam||[still]\n|-prepare|p1a: Charizard|Solar Beam\n|-anim|p1a: Charizard|Solar Beam|p2a: Lopunny\n|-damage|p2a: Lopunny|0 fnt\n|faint|p2a: Lopunny\n|\n|-weather|SunnyDay|[upkeep]\n|upkeep\n|\n|t:|1777189621\n|switch|p2a: Basculegion|Basculegion, L50, M|100/100\n|turn|11\n|\n|t:|1777189627\n|move|p2a: Basculegion|Flip Turn|p1a: Charizard\n|-supereffective|p1a: Charizard|1\n|-end|p1a: Charizard|Substitute\n|\n|t:|1777189629\n|switch|p2a: Hippowdon|Hippowdon, L50, M|93/100|[from] Flip Turn\n|-weather|Sandstorm|[from] ability: Sand Stream|[of] p2a: Hippowdon\n|move|p1a: Charizard|Solar Beam||[still]\n|-prepare|p1a: Charizard|Solar Beam\n|\n|-weather|Sandstorm|[upkeep]\n|-damage|p1a: Charizard|63/100|[from] Sandstorm\n|upkeep\n|turn|12\n|\n|t:|1777189635\n|move|p1a: Charizard|Solar Beam|p2a: Hippowdon|[from] lockedmove\n|-supereffective|p2a: Hippowdon|1\n|-damage|p2a: Hippowdon|49/100\n|-enditem|p2a: Hippowdon|Sitrus Berry|[eat]\n|-heal|p2a: Hippowdon|73/100|[from] item: Sitrus Berry\n|move|p2a: Hippowdon|Stealth Rock|p1a: Charizard\n|-sidestart|p1: deokso king|move: Stealth Rock\n|\n|-weather|Sandstorm|[upkeep]\n|-damage|p1a: Charizard|58/100|[from] Sandstorm\n|upkeep\n|turn|13\n|\n|t:|1777189659\n|switch|p2a: Basculegion|Basculegion, L50, M|100/100\n|move|p1a: Charizard|Substitute|p1a: Charizard\n|-start|p1a: Charizard|Substitute\n|-damage|p1a: Charizard|33/100\n|\n|-weather|Sandstorm|[upkeep]\n|-damage|p2a: Basculegion|93/100|[from] Sandstorm\n|-damage|p1a: Charizard|27/100|[from] Sandstorm\n|upkeep\n|turn|14\n|\n|t:|1777189662\n|move|p2a: Basculegion|Flip Turn|p1a: Charizard\n|-supereffective|p1a: Charizard|1\n|-end|p1a: Charizard|Substitute\n|\n|t:|1777189664\n|switch|p2a: Hippowdon|Hippowdon, L50, M|73/100|[from] Flip Turn\n|move|p1a: Charizard|Solar Beam||[still]\n|-prepare|p1a: Charizard|Solar Beam\n|\n|-weather|Sandstorm|[upkeep]\n|-damage|p1a: Charizard|21/100|[from] Sandstorm\n|upkeep\n|turn|15\n|\n|t:|1777189671\n|move|p1a: Charizard|Solar Beam|p2a: Hippowdon|[from] lockedmove\n|-supereffective|p2a: Hippowdon|1\n|-damage|p2a: Hippowdon|32/100\n|move|p2a: Hippowdon|Slack Off|p2a: Hippowdon\n|-heal|p2a: Hippowdon|82/100\n|\n|-weather|none\n|upkeep\n|turn|16\n|inactive|deokso king has 30 seconds left.\n|\n|t:|1777189700\n|move|p1a: Charizard|Scorching Sands|p2a: Hippowdon\n|-damage|p2a: Hippowdon|59/100\n|move|p2a: Hippowdon|Yawn|p1a: Charizard\n|-start|p1a: Charizard|move: Yawn|[of] p2a: Hippowdon\n|\n|upkeep\n|turn|17\n|\n|t:|1777189709\n|move|p1a: Charizard|Scorching Sands|p2a: Hippowdon\n|-damage|p2a: Hippowdon|36/100\n|move|p2a: Hippowdon|Slack Off|p2a: Hippowdon\n|-heal|p2a: Hippowdon|86/100\n|\n|-end|p1a: Charizard|move: Yawn|[silent]\n|-status|p1a: Charizard|slp\n|upkeep\n|turn|18\n|j| driflount drifloon\n|\n|t:|1777189728\n|switch|p1a: Bellibolt|Bellibolt, L50, F|77/100\n|-damage|p1a: Bellibolt|64/100|[from] Stealth Rock\n|switch|p2a: Basculegion|Basculegion, L50, M|93/100\n|\n|upkeep\n|turn|19\n|\n|t:|1777189753\n|move|p2a: Basculegion|Flip Turn|p1a: Bellibolt\n|-damage|p1a: Bellibolt|41/100\n|-start|p1a: Bellibolt|Charge|Flip Turn|[from] ability: Electromorphosis\n|\n|t:|1777189758\n|switch|p2a: Hippowdon|Hippowdon, L50, M|86/100|[from] Flip Turn\n|-weather|Sandstorm|[from] ability: Sand Stream|[of] p2a: Hippowdon\n|move|p1a: Bellibolt|Soak|p2a: Hippowdon\n|-start|p2a: Hippowdon|typechange|Water\n|\n|-weather|Sandstorm|[upkeep]\n|-damage|p2a: Hippowdon|80/100|[from] Sandstorm\n|-damage|p1a: Bellibolt|35/100|[from] Sandstorm\n|upkeep\n|turn|20\n|\n|t:|1777189762\n|move|p2a: Hippowdon|Earthquake|p1a: Bellibolt\n|-supereffective|p1a: Bellibolt|1\n|-damage|p1a: Bellibolt|6/100\n|-start|p1a: Bellibolt|Charge|Earthquake|[from] ability: Electromorphosis\n|move|p1a: Bellibolt|Parabolic Charge|p2a: Hippowdon\n|-supereffective|p2a: Hippowdon|1\n|-crit|p2a: Hippowdon\n|-damage|p2a: Hippowdon|0 fnt\n|-heal|p1a: Bellibolt|46/100|[from] drain|[of] p2a: Hippowdon\n|faint|p2a: Hippowdon\n|-end|p1a: Bellibolt|Charge|[silent]\n|\n|-weather|Sandstorm|[upkeep]\n|-damage|p1a: Bellibolt|40/100|[from] Sandstorm\n|upkeep\n|\n|t:|1777189770\n|switch|p2a: Basculegion|Basculegion, L50, M|93/100\n|turn|21\n|\n|t:|1777189774\n|move|p2a: Basculegion|Last Respects|p1a: Bellibolt\n|-damage|p1a: Bellibolt|0 fnt\n|faint|p1a: Bellibolt\n|\n|-weather|Sandstorm|[upkeep]\n|-damage|p2a: Basculegion|87/100|[from] Sandstorm\n|upkeep\n|\n|t:|1777189777\n|switch|p1a: Charizard|Charizard-Mega-Y, L50, F|21/100 slp\n|-damage|p1a: Charizard|0 fnt|[from] Stealth Rock\n|faint|p1a: Charizard\n|\n|t:|1777189780\n|switch|p1a: Garchomp|Garchomp, L50, M|100/100\n|-damage|p1a: Garchomp|94/100|[from] Stealth Rock\n|turn|22\n|\n|t:|1777189787\n|move|p2a: Basculegion|Last Respects|p1a: Garchomp\n|-damage|p1a: Garchomp|0 fnt\n|faint|p1a: Garchomp\n|\n|win|kerom.pk\n|raw|deokso king's rating: 1289 &rarr; <strong>1275</strong><br />(-14 for losing)\n|raw|kerom.pk's rating: 1451 &rarr; <strong>1462</strong><br />(+11 for winning)\n|l|\u2606deokso king\n|player|p1|\n", "uploadtime": 1777189795, "views": 3, "formatid": "gen9championsbssregma", "rating": 1275, "private": 0, "password": null}