{"id": "gen9championsbssregma-2589671194", "format": "[Gen 9 Champions] BSS Reg M-A", "players": ["karbain", "coffeineaddict"], "log": "|j|\u2606karbain\n|j|\u2606coffeineaddict\n|t:|1776745371\n|gametype|singles\n|player|p1|karbain|266|1386\n|player|p2|coffeineaddict|265|1400\n|gen|9\n|tier|[Gen 9 Champions] BSS Reg M-A\n|rated|\n|rule|Species Clause: Limit one of each Pok\u00e9mon\n|rule|Item Clause: Limit 1 of each item\n|clearpoke\n|poke|p1|Mimikyu, L50, F|\n|poke|p1|Empoleon, L50, M|\n|poke|p1|Charizard, L50, M|\n|poke|p1|Greninja, L50, F|\n|poke|p1|Lucario, L50, M|\n|poke|p1|Garchomp, L50, M|\n|poke|p2|Kangaskhan, L50, F|\n|poke|p2|Aegislash, L50, M, shiny|\n|poke|p2|Garchomp, L50, M|\n|poke|p2|Primarina, L50, F|\n|poke|p2|Volcarona, L50, F|\n|poke|p2|Gengar, L50, F, shiny|\n|teampreview|3\n|inactive|Battle timer is ON: inactive players will automatically lose when time's up. (requested by coffeineaddict)\n|inactive|coffeineaddict has 60 seconds left.\n|\n|t:|1776745412\n|teamsize|p1|3\n|teamsize|p2|3\n|start\n|switch|p1a: Empoleon|Empoleon, L50, M|100/100\n|switch|p2a: Primarina|Primarina, L50, F|100/100\n|turn|1\n|\n|t:|1776745418\n|move|p2a: Primarina|Encore||[still]\n|-fail|p2a: Primarina\n|move|p1a: Empoleon|Stealth Rock|p2a: Primarina\n|-sidestart|p2: coffeineaddict|move: Stealth Rock\n|\n|upkeep\n|turn|2\n|\n|t:|1776745427\n|move|p1a: Empoleon|Yawn|p2a: Primarina\n|-start|p2a: Primarina|move: Yawn|[of] p1a: Empoleon\n|move|p2a: Primarina|Encore|p1a: Empoleon\n|-start|p1a: Empoleon|Encore\n|\n|upkeep\n|turn|3\n|\n|t:|1776745437\n|switch|p2a: Garchomp|Garchomp, L50, M|100/100\n|-damage|p2a: Garchomp|94/100|[from] Stealth Rock\n|move|p1a: Empoleon|Yawn|p2a: Garchomp\n|-start|p2a: Garchomp|move: Yawn|[of] p1a: Empoleon\n|\n|upkeep\n|turn|4\n|\n|t:|1776745443\n|move|p2a: Garchomp|Stealth Rock|p1a: Empoleon\n|-sidestart|p1: karbain|move: Stealth Rock\n|move|p1a: Empoleon|Yawn||[still]\n|-fail|p1a: Empoleon\n|\n|-end|p2a: Garchomp|move: Yawn|[silent]\n|-status|p2a: Garchomp|slp\n|upkeep\n|turn|5\n|\n|t:|1776745453\n|switch|p1a: Mimikyu|Mimikyu, L50, F|100/100\n|-damage|p1a: Mimikyu|89/100|[from] Stealth Rock\n|cant|p2a: Garchomp|slp\n|\n|upkeep\n|turn|6\n|\n|t:|1776745460\n|cant|p2a: Garchomp|slp\n|move|p1a: Mimikyu|Swords Dance|p1a: Mimikyu\n|-boost|p1a: Mimikyu|atk|2\n|\n|upkeep\n|turn|7\n|\n|t:|1776745465\n|-curestatus|p2a: Garchomp|slp|[msg]\n|move|p2a: Garchomp|Earthquake|p1a: Mimikyu\n|-activate|p1a: Mimikyu|ability: Disguise\n|-damage|p1a: Mimikyu|89/100\n|detailschange|p1a: Mimikyu|Mimikyu-Busted, L50, F\n|-damage|p1a: Mimikyu|77/100|[from] pokemon: Mimikyu-Busted\n|move|p1a: Mimikyu|Play Rough|p2a: Garchomp\n|-supereffective|p2a: Garchomp|1\n|-damage|p2a: Garchomp|0 fnt\n|-damage|p1a: Mimikyu|65/100|[from] ability: Rough Skin|[of] p2a: Garchomp\n|faint|p2a: Garchomp\n|\n|upkeep\n|\n|t:|1776745477\n|switch|p2a: Gengar|Gengar, L50, F, shiny|100/100\n|-damage|p2a: Gengar|89/100|[from] Stealth Rock\n|turn|8\n|\n|t:|1776745482\n|detailschange|p2a: Gengar|Gengar-Mega, L50, F, shiny\n|-mega|p2a: Gengar|Gengar|Gengarite\n|move|p1a: Mimikyu|Shadow Sneak|p2a: Gengar\n|-supereffective|p2a: Gengar|1\n|-damage|p2a: Gengar|13/100\n|move|p2a: Gengar|Shadow Ball|p1a: Mimikyu\n|-supereffective|p1a: Mimikyu|1\n|-damage|p1a: Mimikyu|0 fnt\n|faint|p1a: Mimikyu\n|\n|upkeep\n|\n|t:|1776745491\n|switch|p1a: Empoleon|Empoleon, L50, M|100/100\n|-damage|p1a: Empoleon|95/100|[from] Stealth Rock\n|turn|9\n|\n|t:|1776745495\n|move|p2a: Gengar|Shadow Ball|p1a: Empoleon\n|-damage|p1a: Empoleon|60/100\n|move|p1a: Empoleon|Yawn|p2a: Gengar\n|-start|p2a: Gengar|move: Yawn|[of] p1a: Empoleon\n|\n|upkeep\n|turn|10\n|\n|t:|1776745501\n|move|p2a: Gengar|Shadow Ball|p1a: Empoleon\n|-damage|p1a: Empoleon|20/100\n|-enditem|p1a: Empoleon|Sitrus Berry|[eat]\n|-heal|p1a: Empoleon|45/100|[from] item: Sitrus Berry\n|move|p1a: Empoleon|Yawn||[still]\n|-fail|p1a: Empoleon\n|\n|-end|p2a: Gengar|move: Yawn|[silent]\n|-status|p2a: Gengar|slp\n|upkeep\n|turn|11\n|\n|t:|1776745510\n|cant|p2a: Gengar|slp\n|move|p1a: Empoleon|Flip Turn|p2a: Gengar\n|-damage|p2a: Gengar|0 fnt\n|faint|p2a: Gengar\n|\n|t:|1776745515\n|switch|p1a: Charizard|Charizard, L50, M|100/100|[from] Flip Turn\n|-damage|p1a: Charizard|51/100|[from] Stealth Rock\n|\n|upkeep\n|j| p74\n|\n|t:|1776745519\n|switch|p2a: Primarina|Primarina, L50, F|100/100\n|-damage|p2a: Primarina|88/100|[from] Stealth Rock\n|turn|12\n|\n|t:|1776745527\n|detailschange|p1a: Charizard|Charizard-Mega-X, L50, M\n|-mega|p1a: Charizard|Charizard|Charizardite X\n|move|p1a: Charizard|Flare Blitz|p2a: Primarina\n|-resisted|p2a: Primarina|1\n|-damage|p2a: Primarina|38/100\n|-enditem|p2a: Primarina|Sitrus Berry|[eat]\n|-heal|p2a: Primarina|62/100|[from] item: Sitrus Berry\n|-damage|p1a: Charizard|31/100|[from] Recoil\n|move|p2a: Primarina|Sparkling Aria|p1a: Charizard\n|-damage|p1a: Charizard|0 fnt\n|faint|p1a: Charizard\n|\n|upkeep\n|\n|t:|1776745537\n|switch|p1a: Empoleon|Empoleon, L50, M|45/100\n|-damage|p1a: Empoleon|39/100|[from] Stealth Rock\n|turn|13\n|\n|t:|1776745542\n|move|p1a: Empoleon|Yawn|p2a: Primarina\n|-start|p2a: Primarina|move: Yawn|[of] p1a: Empoleon\n|move|p2a: Primarina|Moonblast|p1a: Empoleon\n|-resisted|p1a: Empoleon|1\n|-damage|p1a: Empoleon|18/100\n|\n|upkeep\n|turn|14\n|\n|t:|1776745548\n|move|p1a: Empoleon|Surf|p2a: Primarina\n|-resisted|p2a: Primarina|1\n|-damage|p2a: Primarina|49/100\n|move|p2a: Primarina|Moonblast|p1a: Empoleon\n|-resisted|p1a: Empoleon|1\n|-damage|p1a: Empoleon|0 fnt\n|faint|p1a: Empoleon\n|\n|win|coffeineaddict\n|raw|karbain's rating: 1386 &rarr; <strong>1367</strong><br />(-19 for losing)\n|raw|coffeineaddict's rating: 1400 &rarr; <strong>1419</strong><br />(+19 for winning)\n|l|\u2606karbain\n|player|p1|\n", "uploadtime": 1776745556, "views": 4, "formatid": "gen9championsbssregma", "rating": 1367, "private": 0, "password": null}