{"id": "gen9championsbssregma-2584152066", "format": "[Gen 9 Champions] BSS Reg M-A", "players": ["bregogo", "weakertt"], "log": "|j|\u2606bregogo\n|j|\u2606weakertt\n|t:|1776231315\n|gametype|singles\n|player|p1|bregogo|265|1273\n|player|p2|weakertt|1|1234\n|gen|9\n|tier|[Gen 9 Champions] BSS Reg M-A\n|rated|\n|rule|Species Clause: Limit one of each Pok\u00e9mon\n|rule|Item Clause: Limit 1 of each item\n|clearpoke\n|poke|p1|Delphox, L50, F|\n|poke|p1|Corviknight, L50, M|\n|poke|p1|Meowscarada, L50, M|\n|poke|p1|Lucario, L50, F|\n|poke|p1|Garchomp, L50, F|\n|poke|p1|Primarina, L50, M|\n|poke|p2|Garchomp, L50, M|\n|poke|p2|Azumarill, L50, M|\n|poke|p2|Venusaur, L50, F|\n|poke|p2|Skeledirge, L50, F|\n|poke|p2|Kingambit, L50, M|\n|poke|p2|Rotom-Wash, L50|\n|teampreview|3\n|inactive|Battle timer is ON: inactive players will automatically lose when time's up. (requested by bregogo)\n|inactive|weakertt has 60 seconds left.\n|\n|t:|1776231413\n|teamsize|p1|3\n|teamsize|p2|3\n|start\n|switch|p1a: Garchomp|Garchomp, L50, F|100/100\n|switch|p2a: Kingambit|Kingambit, L50, M|100/100\n|turn|1\n|\n|t:|1776231428\n|move|p1a: Garchomp|Earthquake|p2a: Kingambit\n|-supereffective|p2a: Kingambit|1\n|-damage|p2a: Kingambit|15/100\n|move|p2a: Kingambit|Kowtow Cleave|p1a: Garchomp\n|-damage|p1a: Garchomp|53/100\n|-damage|p2a: Kingambit|3/100|[from] ability: Rough Skin|[of] p1a: Garchomp\n|\n|upkeep\n|turn|2\n|\n|t:|1776231438\n|move|p2a: Kingambit|Sucker Punch||[still]\n|-fail|p2a: Kingambit\n|move|p1a: Garchomp|Stealth Rock|p2a: Kingambit\n|-sidestart|p2: weakertt|move: Stealth Rock\n|\n|upkeep\n|turn|3\n|\n|t:|1776231443\n|switch|p1a: Corviknight|Corviknight, L50, M|100/100\n|move|p2a: Kingambit|Sucker Punch||[still]\n|-fail|p2a: Kingambit\n|\n|upkeep\n|turn|4\n|\n|t:|1776231449\n|move|p1a: Corviknight|U-turn|p2a: Kingambit\n|-damage|p2a: Kingambit|0 fnt\n|faint|p2a: Kingambit\n|\n|t:|1776231454\n|switch|p1a: Garchomp|Garchomp, L50, F|53/100|[from] U-turn\n|\n|upkeep\n|\n|t:|1776231461\n|switch|p2a: Skeledirge|Skeledirge, L50, F|100/100\n|-damage|p2a: Skeledirge|76/100|[from] Stealth Rock\n|turn|5\n|\n|t:|1776231465\n|move|p1a: Garchomp|Earthquake|p2a: Skeledirge\n|-supereffective|p2a: Skeledirge|1\n|-damage|p2a: Skeledirge|8/100\n|move|p2a: Skeledirge|Will-O-Wisp|p1a: Garchomp\n|-status|p1a: Garchomp|brn\n|\n|-heal|p2a: Skeledirge|14/100|[from] item: Leftovers\n|-damage|p1a: Garchomp|47/100 brn|[from] brn\n|upkeep\n|turn|6\n|j| p74\n|\n|t:|1776231477\n|move|p1a: Garchomp|Earthquake|p2a: Skeledirge\n|-supereffective|p2a: Skeledirge|1\n|-damage|p2a: Skeledirge|0 fnt\n|faint|p2a: Skeledirge\n|\n|-damage|p1a: Garchomp|40/100 brn|[from] brn\n|upkeep\n|-message|weakertt forfeited.\n|\n|win|bregogo\n|raw|bregogo's rating: 1273 &rarr; <strong>1295</strong><br />(+22 for winning)\n|raw|weakertt's rating: 1234 &rarr; <strong>1212</strong><br />(-22 for losing)\n|l|\u2606weakertt\n|player|p2|\n|l|\u2606bregogo\n|player|p1|\n", "uploadtime": 1776231542, "views": 3, "formatid": "gen9championsbssregma", "rating": 1212, "private": 0, "password": null}