{"id": "gen9championsbssregma-2590052479", "format": "[Gen 9 Champions] BSS Reg M-A", "players": ["gshs5", "mugen beastars"], "log": "|j|\u2606gshs5\n|j|\u2606mugen beastars\n|t:|1776783887\n|gametype|singles\n|player|p1|gshs5|101|1137\n|player|p2|mugen beastars|101|1198\n|gen|9\n|tier|[Gen 9 Champions] BSS Reg M-A\n|rated|\n|rule|Species Clause: Limit one of each Pok\u00e9mon\n|rule|Item Clause: Limit 1 of each item\n|clearpoke\n|poke|p1|Venusaur, L50, M|\n|poke|p1|Hippowdon, L50, F|\n|poke|p1|Aegislash, L50, M|\n|poke|p1|Altaria, L50, M|\n|poke|p1|Rotom-Wash, L50|\n|poke|p1|Scovillain, L50, F|\n|poke|p2|Volcarona, L50, M|\n|poke|p2|Floette-Eternal, L50, F|\n|poke|p2|Garchomp, L50, F|\n|poke|p2|Kangaskhan, L50, F|\n|poke|p2|Aegislash, L50, F|\n|poke|p2|Hydreigon, L50, F|\n|teampreview|3\n|inactive|Battle timer is ON: inactive players will automatically lose when time's up. (requested by gshs5)\n|inactive|mugen beastars has 60 seconds left.\n|\n|t:|1776783949\n|teamsize|p1|3\n|teamsize|p2|3\n|start\n|switch|p1a: Altaria|Altaria, L50, M|100/100\n|switch|p2a: Garchomp|Garchomp, L50, F|100/100\n|-ability|p1a: Altaria|Cloud Nine\n|turn|1\n|\n|t:|1776783957\n|switch|p2a: Floette|Floette-Eternal, L50, F|100/100\n|detailschange|p1a: Altaria|Altaria-Mega, L50, M\n|-mega|p1a: Altaria|Altaria|Altarianite\n|move|p1a: Altaria|Cotton Guard|p1a: Altaria\n|-boost|p1a: Altaria|def|3\n|\n|upkeep\n|turn|2\n|\n|t:|1776783967\n|detailschange|p2a: Floette|Floette-Mega, L50, F\n|-mega|p2a: Floette|Floette|Floettite\n|-ability|p2a: Floette|Fairy Aura\n|move|p1a: Altaria|Dragon Dance|p1a: Altaria\n|-boost|p1a: Altaria|atk|1\n|-boost|p1a: Altaria|spe|1\n|move|p2a: Floette|Moonblast|p1a: Altaria\n|-supereffective|p1a: Altaria|1\n|-damage|p1a: Altaria|0 fnt\n|faint|p1a: Altaria\n|\n|upkeep\n|\n|t:|1776783971\n|switch|p1a: Rotom|Rotom-Wash, L50|100/100\n|turn|3\n|\n|t:|1776783981\n|move|p2a: Floette|Moonblast|p1a: Rotom\n|-damage|p1a: Rotom|13/100\n|-enditem|p1a: Rotom|Sitrus Berry|[eat]\n|-heal|p1a: Rotom|37/100|[from] item: Sitrus Berry\n|move|p1a: Rotom|Thunder Wave|p2a: Floette\n|-status|p2a: Floette|par\n|\n|upkeep\n|turn|4\n|\n|t:|1776784000\n|move|p1a: Rotom|Hydro Pump|p2a: Floette\n|-damage|p2a: Floette|73/100 par\n|move|p2a: Floette|Calm Mind|p2a: Floette\n|-boost|p2a: Floette|spa|1\n|-boost|p2a: Floette|spd|1\n|\n|upkeep\n|turn|5\n|\n|t:|1776784018\n|move|p1a: Rotom|Thunderbolt|p2a: Floette\n|-damage|p2a: Floette|59/100 par\n|move|p2a: Floette|Substitute|p2a: Floette\n|-start|p2a: Floette|Substitute\n|-damage|p2a: Floette|34/100 par\n|\n|upkeep\n|turn|6\n|\n|t:|1776784025\n|move|p1a: Rotom|Hydro Pump|p2a: Floette\n|-activate|p2a: Floette|move: Substitute|[damage]\n|cant|p2a: Floette|par\n|\n|upkeep\n|turn|7\n|\n|t:|1776784033\n|move|p1a: Rotom|Thunderbolt|p2a: Floette\n|-end|p2a: Floette|Substitute\n|move|p2a: Floette|Draining Kiss|p1a: Rotom\n|-damage|p1a: Rotom|0 fnt\n|-heal|p2a: Floette|58/100 par|[from] drain|[of] p1a: Rotom\n|faint|p1a: Rotom\n|\n|upkeep\n|\n|t:|1776784038\n|switch|p1a: Scovillain|Scovillain, L50, F|100/100\n|turn|8\n|\n|t:|1776784044\n|move|p1a: Scovillain|Substitute|p1a: Scovillain\n|-start|p1a: Scovillain|Substitute\n|-damage|p1a: Scovillain|75/100\n|move|p2a: Floette|Moonblast|p1a: Scovillain\n|-resisted|p1a: Scovillain|1\n|-end|p1a: Scovillain|Substitute\n|\n|-heal|p1a: Scovillain|81/100|[from] item: Leftovers\n|-ability|p1a: Scovillain|Moody|boost\n|-boost|p1a: Scovillain|spe|2\n|-unboost|p1a: Scovillain|spa|1\n|upkeep\n|turn|9\n|\n|t:|1776784056\n|move|p1a: Scovillain|Protect|p1a: Scovillain\n|-singleturn|p1a: Scovillain|Protect\n|move|p2a: Floette|Moonblast|p1a: Scovillain\n|-activate|p1a: Scovillain|move: Protect\n|\n|-heal|p1a: Scovillain|87/100|[from] item: Leftovers\n|-ability|p1a: Scovillain|Moody|boost\n|-boost|p1a: Scovillain|spe|2\n|-unboost|p1a: Scovillain|atk|1\n|upkeep\n|turn|10\n|\n|t:|1776784067\n|move|p1a: Scovillain|Substitute|p1a: Scovillain\n|-start|p1a: Scovillain|Substitute\n|-damage|p1a: Scovillain|62/100\n|move|p2a: Floette|Moonblast|p1a: Scovillain\n|-resisted|p1a: Scovillain|1\n|-end|p1a: Scovillain|Substitute\n|\n|-heal|p1a: Scovillain|68/100|[from] item: Leftovers\n|-ability|p1a: Scovillain|Moody|boost\n|-boost|p1a: Scovillain|spd|2\n|-unboost|p1a: Scovillain|spa|1\n|upkeep\n|turn|11\n|\n|t:|1776784078\n|move|p1a: Scovillain|Protect|p1a: Scovillain\n|-singleturn|p1a: Scovillain|Protect\n|move|p2a: Floette|Moonblast|p1a: Scovillain\n|-activate|p1a: Scovillain|move: Protect\n|\n|-heal|p1a: Scovillain|74/100|[from] item: Leftovers\n|-ability|p1a: Scovillain|Moody|boost\n|-boost|p1a: Scovillain|def|2\n|-unboost|p1a: Scovillain|atk|1\n|upkeep\n|turn|12\n|\n|t:|1776784089\n|move|p1a: Scovillain|Substitute|p1a: Scovillain\n|-start|p1a: Scovillain|Substitute\n|-damage|p1a: Scovillain|49/100\n|move|p2a: Floette|Moonblast|p1a: Scovillain\n|-resisted|p1a: Scovillain|1\n|-end|p1a: Scovillain|Substitute\n|\n|-heal|p1a: Scovillain|55/100|[from] item: Leftovers\n|-ability|p1a: Scovillain|Moody|boost\n|-boost|p1a: Scovillain|atk|2\n|-unboost|p1a: Scovillain|spa|1\n|upkeep\n|turn|13\n|\n|t:|1776784103\n|move|p1a: Scovillain|Giga Drain|p2a: Floette\n|-damage|p2a: Floette|52/100 par\n|-heal|p1a: Scovillain|57/100|[from] drain|[of] p2a: Floette\n|move|p2a: Floette|Moonblast|p1a: Scovillain\n|-resisted|p1a: Scovillain|1\n|-damage|p1a: Scovillain|14/100\n|\n|-heal|p1a: Scovillain|20/100|[from] item: Leftovers\n|-ability|p1a: Scovillain|Moody|boost\n|-boost|p1a: Scovillain|spa|2\n|-unboost|p1a: Scovillain|spe|1\n|upkeep\n|turn|14\n|\n|t:|1776784121\n|move|p1a: Scovillain|Protect|p1a: Scovillain\n|-singleturn|p1a: Scovillain|Protect\n|move|p2a: Floette|Moonblast|p1a: Scovillain\n|-activate|p1a: Scovillain|move: Protect\n|\n|-heal|p1a: Scovillain|25/100|[from] item: Leftovers\n|-ability|p1a: Scovillain|Moody|boost\n|-boost|p1a: Scovillain|spd|2\n|-unboost|p1a: Scovillain|atk|1\n|upkeep\n|turn|15\n|\n|t:|1776784132\n|move|p1a: Scovillain|Substitute|p1a: Scovillain\n|-fail|p1a: Scovillain|move: Substitute|[weak]\n|move|p2a: Floette|Moonblast|p1a: Scovillain\n|-resisted|p1a: Scovillain|1\n|-damage|p1a: Scovillain|0 fnt\n|faint|p1a: Scovillain\n|\n|win|mugen beastars\n|raw|gshs5's rating: 1137 &rarr; <strong>1116</strong><br />(-21 for losing)\n|raw|mugen beastars's rating: 1198 &rarr; <strong>1219</strong><br />(+21 for winning)\n", "uploadtime": 1776784134, "views": 4, "formatid": "gen9championsbssregma", "rating": 1116, "private": 0, "password": null}