{"id": "gen9championsbssregma-2594501696", "format": "[Gen 9 Champions] BSS Reg M-A", "players": ["Hahashu", "rbugyun596"], "log": "|j|\u2606Hahashu\n|j|\u2606rbugyun596\n|t:|1777206750\n|gametype|singles\n|player|p1|Hahashu|1|1277\n|player|p2|rbugyun596|artist|1176\n|gen|9\n|tier|[Gen 9 Champions] BSS Reg M-A\n|rated|\n|rule|Species Clause: Limit one of each Pok\u00e9mon\n|rule|Item Clause: Limit 1 of each item\n|clearpoke\n|poke|p1|Gengar, L50, F|\n|poke|p1|Garchomp, L50, M|\n|poke|p1|Primarina, L50, F|\n|poke|p1|Lopunny, L50, M|\n|poke|p1|Corviknight, L50, M|\n|poke|p1|Basculegion, L50, M|\n|poke|p2|Empoleon, L50, F|\n|poke|p2|Charizard, L50, M|\n|poke|p2|Rotom-Mow, L50|\n|poke|p2|Corviknight, L50, F|\n|poke|p2|Gardevoir, L50, M|\n|poke|p2|Garchomp, L50, M|\n|teampreview|3\n|\n|t:|1777206808\n|teamsize|p1|3\n|teamsize|p2|3\n|start\n|switch|p1a: Garchomp|Garchomp, L50, M|100/100\n|switch|p2a: Empoleon|Empoleon, L50, F|100/100\n|turn|1\n|\n|t:|1777206815\n|move|p1a: Garchomp|Earthquake|p2a: Empoleon\n|-supereffective|p2a: Empoleon|1\n|-enditem|p2a: Empoleon|Shuca Berry|[eat]\n|-enditem|p2a: Empoleon|Shuca Berry|[weaken]\n|-damage|p2a: Empoleon|43/100\n|move|p2a: Empoleon|Yawn|p1a: Garchomp\n|-start|p1a: Garchomp|move: Yawn|[of] p2a: Empoleon\n|\n|upkeep\n|turn|2\n|\n|t:|1777206824\n|switch|p1a: Basculegion|Basculegion, L50, M|100/100\n|move|p2a: Empoleon|Stealth Rock|p1a: Basculegion\n|-sidestart|p1: Hahashu|move: Stealth Rock\n|\n|upkeep\n|turn|3\n|\n|t:|1777206830\n|move|p1a: Basculegion|Last Respects|p2a: Empoleon\n|-crit|p2a: Empoleon\n|-damage|p2a: Empoleon|0 fnt\n|faint|p2a: Empoleon\n|\n|upkeep\n|\n|t:|1777206837\n|switch|p2a: Charizard|Charizard, L50, M|100/100\n|turn|4\n|\n|t:|1777206841\n|switch|p1a: Garchomp|Garchomp, L50, M|100/100\n|-damage|p1a: Garchomp|93/100|[from] Stealth Rock\n|detailschange|p2a: Charizard|Charizard-Mega-X, L50, M\n|-mega|p2a: Charizard|Charizard|Charizardite X\n|move|p2a: Charizard|Dragon Dance|p2a: Charizard\n|-boost|p2a: Charizard|atk|1\n|-boost|p2a: Charizard|spe|1\n|\n|upkeep\n|turn|5\n|\n|t:|1777206853\n|move|p2a: Charizard|Dragon Claw|p1a: Garchomp\n|-supereffective|p1a: Garchomp|1\n|-damage|p1a: Garchomp|0 fnt\n|-damage|p2a: Charizard|87/100|[from] ability: Rough Skin|[of] p1a: Garchomp\n|faint|p1a: Garchomp\n|\n|upkeep\n|\n|t:|1777206864\n|switch|p1a: Basculegion|Basculegion, L50, M|100/100\n|-damage|p1a: Basculegion|87/100|[from] Stealth Rock\n|turn|6\n|\n|t:|1777206869\n|move|p2a: Charizard|Thunder Punch|p1a: Basculegion\n|-supereffective|p1a: Basculegion|1\n|-damage|p1a: Basculegion|0 fnt\n|faint|p1a: Basculegion\n|\n|upkeep\n|-message|Hahashu forfeited.\n|\n|win|rbugyun596\n|raw|Hahashu's rating: 1277 &rarr; <strong>1245</strong><br />(-32 for losing)\n|raw|rbugyun596's rating: 1176 &rarr; <strong>1208</strong><br />(+32 for winning)\n|l|\u2606Hahashu\n|player|p1|\n", "uploadtime": 1777206876, "views": 5, "formatid": "gen9championsbssregma", "rating": 1208, "private": 0, "password": null}