{"id": "gen9championsbssregma-2594813117", "format": "[Gen 9 Champions] BSS Reg M-A", "players": ["joguri", "cherif19"], "log": "|j|\u2606joguri\n|j|\u2606cherif19\n|t:|1777235252\n|gametype|singles\n|player|p1|joguri|dawn|1350\n|player|p2|cherif19|1|1419\n|gen|9\n|tier|[Gen 9 Champions] BSS Reg M-A\n|rated|\n|rule|Species Clause: Limit one of each Pok\u00e9mon\n|rule|Item Clause: Limit 1 of each item\n|clearpoke\n|poke|p1|Lopunny, L50, M|\n|poke|p1|Corviknight, L50, F|\n|poke|p1|Venusaur, L50, M|\n|poke|p1|Basculegion, L50, M|\n|poke|p1|Garchomp, L50, F|\n|poke|p1|Clefable, L50, M|\n|poke|p2|Charizard, L50, F|\n|poke|p2|Hippowdon, L50, M|\n|poke|p2|Primarina, L50, F|\n|poke|p2|Meowscarada, L50, F|\n|poke|p2|Sneasler, L50, F|\n|poke|p2|Starmie, L50|\n|teampreview|3\n|inactive|Battle timer is ON: inactive players will automatically lose when time's up. (requested by cherif19)\n|inactive|cherif19 has 60 seconds left.\n|inactive|cherif19 has 30 seconds left.\n|inactive|cherif19 has 20 seconds left.\n|inactive|cherif19 has 15 seconds left.\n|\n|t:|1777235330\n|teamsize|p1|3\n|teamsize|p2|3\n|start\n|switch|p1a: Lopunny|Lopunny, L50, M|100/100\n|switch|p2a: ARIEL|Primarina, L50, F|100/100\n|turn|1\n|\n|t:|1777235336\n|move|p1a: Lopunny|Cosmic Power|p1a: Lopunny\n|-boost|p1a: Lopunny|def|1\n|-boost|p1a: Lopunny|spd|1\n|move|p2a: ARIEL|Moonblast|p1a: Lopunny\n|-damage|p1a: Lopunny|59/100\n|\n|upkeep\n|turn|2\n|\n|t:|1777235342\n|move|p1a: Lopunny|Cosmic Power|p1a: Lopunny\n|-boost|p1a: Lopunny|def|1\n|-boost|p1a: Lopunny|spd|1\n|move|p2a: ARIEL|Flip Turn|p1a: Lopunny\n|-damage|p1a: Lopunny|50/100g\n|\n|t:|1777235343\n|switch|p2a: FEMME FATALE|Sneasler, L50, F|100/100|[from] Flip Turn\n|\n|upkeep\n|turn|3\n|\n|t:|1777235358\n|move|p2a: FEMME FATALE|Close Combat|p1a: Lopunny\n|-supereffective|p1a: Lopunny|1\n|-damage|p1a: Lopunny|0 fnt\n|-unboost|p2a: FEMME FATALE|def|1\n|-unboost|p2a: FEMME FATALE|spd|1\n|faint|p1a: Lopunny\n|\n|upkeep\n|\n|t:|1777235379\n|switch|p1a: Margikarp|Basculegion, L50, M|100/100\n|turn|4\n|\n|t:|1777235383\n|move|p1a: Margikarp|Flip Turn|p2a: FEMME FATALE\n|-enditem|p2a: FEMME FATALE|Focus Sash\n|-damage|p2a: FEMME FATALE|1/100\n|\n|t:|1777235388\n|switch|p1a: Clefable|Clefable, L50, M|100/100|[from] Flip Turn\n|move|p2a: FEMME FATALE|Dire Claw|p1a: Clefable\n|-supereffective|p1a: Clefable|1\n|-damage|p1a: Clefable|0 fnt\n|faint|p1a: Clefable\n|\n|upkeep\n|\n|t:|1777235395\n|switch|p1a: Margikarp|Basculegion, L50, M|100/100\n|turn|5\n|\n|t:|1777235404\n|move|p2a: FEMME FATALE|Dire Claw|p1a: Margikarp\n|-resisted|p1a: Margikarp|1\n|-damage|p1a: Margikarp|70/100\n|move|p1a: Margikarp|Last Respects|p2a: FEMME FATALE\n|-damage|p2a: FEMME FATALE|0 fnt\n|faint|p2a: FEMME FATALE\n|\n|upkeep\n|\n|t:|1777235409\n|switch|p2a: WHEN DAY BREAKS|Charizard, L50, F|100/100\n|turn|6\n|\n|t:|1777235421\n|detailschange|p2a: WHEN DAY BREAKS|Charizard-Mega-Y, L50, F\n|-mega|p2a: WHEN DAY BREAKS|Charizard|Charizardite Y\n|-weather|SunnyDay|[from] ability: Drought|[of] p2a: WHEN DAY BREAKS\n|move|p1a: Margikarp|Last Respects|p2a: WHEN DAY BREAKS\n|-damage|p2a: WHEN DAY BREAKS|0 fnt\n|faint|p2a: WHEN DAY BREAKS\n|\n|-weather|SunnyDay|[upkeep]\n|upkeep\n|\n|t:|1777235425\n|switch|p2a: ARIEL|Primarina, L50, F|100/100\n|turn|7\n|\n|t:|1777235430\n|move|p1a: Margikarp|Last Respects|p2a: ARIEL\n|-damage|p2a: ARIEL|0 fnt\n|faint|p2a: ARIEL\n|\n|win|joguri\n|raw|joguri's rating: 1350 &rarr; <strong>1374</strong><br />(+24 for winning)\n|raw|cherif19's rating: 1419 &rarr; <strong>1395</strong><br />(-24 for losing)\n|l|\u2606cherif19\n|player|p2|\n", "uploadtime": 1777235436, "views": 4, "formatid": "gen9championsbssregma", "rating": 1374, "private": 0, "password": null}