{"id": "gen9championsbssregma-2592474674", "format": "[Gen 9 Champions] BSS Reg M-A", "players": ["jyp0606", "MiraidonGaming"], "log": "|j|\u2606jyp0606\n|j|\u2606MiraidonGaming\n|t:|1776993093\n|gametype|singles\n|player|p1|jyp0606|170|1190\n|player|p2|MiraidonGaming|lucas|1221\n|gen|9\n|tier|[Gen 9 Champions] BSS Reg M-A\n|rated|\n|rule|Species Clause: Limit one of each Pok\u00e9mon\n|rule|Item Clause: Limit 1 of each item\n|clearpoke\n|poke|p1|Arcanine, L50, M|\n|poke|p1|Gyarados, L50, M|\n|poke|p1|Charizard, L50, M|\n|poke|p1|Gengar, L50, F|\n|poke|p1|Kangaskhan, L50, F|\n|poke|p1|Machamp, L50, F|\n|poke|p2|Ninetales-Alola, L50, F|\n|poke|p2|Charizard, L50, M|\n|poke|p2|Scizor, L50, M|\n|poke|p2|Sinistcha, L50|\n|poke|p2|Rotom-Wash, L50|\n|poke|p2|Salazzle, L50, F|\n|teampreview|3\n|\n|t:|1776993119\n|teamsize|p1|3\n|teamsize|p2|3\n|start\n|switch|p1a: Gengar|Gengar, L50, F|100/100\n|switch|p2a: Put a brick in|Rotom-Wash, L50|100/100\n|turn|1\n|\n|t:|1776993130\n|move|p2a: Put a brick in|Hydro Pump|p1a: Gengar|[miss]\n|-miss|p2a: Put a brick in|p1a: Gengar\n|move|p1a: Gengar|Sludge Wave|p2a: Put a brick in\n|-damage|p2a: Put a brick in|26/100\n|\n|upkeep\n|turn|2\n|\n|t:|1776993139\n|move|p2a: Put a brick in|Hydro Pump|p1a: Gengar\n|-damage|p1a: Gengar|20/100\n|move|p1a: Gengar|Sludge Wave|p2a: Put a brick in\n|-damage|p2a: Put a brick in|0 fnt\n|faint|p2a: Put a brick in\n|\n|upkeep\n|\n|t:|1776993144\n|switch|p2a: I ran out of ideas|Salazzle, L50, F|100/100\n|turn|3\n|\n|t:|1776993151\n|move|p2a: I ran out of ideas|Substitute|p2a: I ran out of ideas\n|-start|p2a: I ran out of ideas|Substitute\n|-damage|p2a: I ran out of ideas|76/100\n|move|p1a: Gengar|Destiny Bond|p1a: Gengar\n|-singlemove|p1a: Gengar|Destiny Bond\n|\n|-heal|p2a: I ran out of ideas|82/100|[from] item: Leftovers\n|upkeep\n|turn|4\n|\n|t:|1776993160\n|move|p2a: I ran out of ideas|Toxic|p1a: Gengar\n|-status|p1a: Gengar|tox\n|move|p1a: Gengar|Dark Pulse|p2a: I ran out of ideas\n|-end|p2a: I ran out of ideas|Substitute\n|\n|-heal|p2a: I ran out of ideas|88/100|[from] item: Leftovers\n|-damage|p1a: Gengar|15/100 tox|[from] psn\n|upkeep\n|turn|5\n|\n|t:|1776993174\n|move|p2a: I ran out of ideas|Substitute|p2a: I ran out of ideas\n|-start|p2a: I ran out of ideas|Substitute\n|-damage|p2a: I ran out of ideas|63/100\n|move|p1a: Gengar|Dark Pulse|p2a: I ran out of ideas\n|-end|p2a: I ran out of ideas|Substitute\n|\n|-heal|p2a: I ran out of ideas|69/100|[from] item: Leftovers\n|-damage|p1a: Gengar|3/100 tox|[from] psn\n|upkeep\n|turn|6\n|\n|t:|1776993182\n|move|p2a: I ran out of ideas|Protect|p2a: I ran out of ideas\n|-singleturn|p2a: I ran out of ideas|Protect\n|move|p1a: Gengar|Dark Pulse|p2a: I ran out of ideas\n|-activate|p2a: I ran out of ideas|move: Protect\n|\n|-heal|p2a: I ran out of ideas|76/100|[from] item: Leftovers\n|-damage|p1a: Gengar|0 fnt|[from] psn\n|faint|p1a: Gengar\n|upkeep\n|\n|t:|1776993211\n|switch|p1a: Arcanine|Arcanine, L50, M|100/100\n|-ability|p1a: Arcanine|Intimidate|boost\n|-unboost|p2a: I ran out of ideas|atk|1\n|turn|7\n|\n|t:|1776993221\n|move|p2a: I ran out of ideas|Substitute|p2a: I ran out of ideas\n|-start|p2a: I ran out of ideas|Substitute\n|-damage|p2a: I ran out of ideas|51/100\n|move|p1a: Arcanine|Scorching Sands|p2a: I ran out of ideas\n|-supereffective|p2a: I ran out of ideas|2\n|-end|p2a: I ran out of ideas|Substitute\n|\n|-heal|p2a: I ran out of ideas|57/100|[from] item: Leftovers\n|upkeep\n|turn|8\n|\n|t:|1776993229\n|switch|p2a: Bruce|Charizard, L50, M|100/100\n|move|p1a: Arcanine|Scorching Sands|p2a: Bruce\n|-immune|p2a: Bruce\n|\n|upkeep\n|turn|9\n|\n|t:|1776993235\n|move|p2a: Bruce|Dragon Dance|p2a: Bruce\n|-boost|p2a: Bruce|atk|1\n|-boost|p2a: Bruce|spe|1\n|move|p1a: Arcanine|Snarl|p2a: Bruce\n|-damage|p2a: Bruce|83/100\n|-unboost|p2a: Bruce|spa|1\n|\n|upkeep\n|turn|10\n|\n|t:|1776993253\n|move|p2a: Bruce|Dragon Dance|p2a: Bruce\n|-boost|p2a: Bruce|atk|1\n|-boost|p2a: Bruce|spe|1\n|move|p1a: Arcanine|Flamethrower|p2a: Bruce\n|-resisted|p2a: Bruce|1\n|-damage|p2a: Bruce|58/100\n|\n|upkeep\n|turn|11\n|c|\u2606MiraidonGaming|You can feel the realization setting in\n|\n|t:|1776993264\n|move|p2a: Bruce|Dragon Dance|p2a: Bruce\n|-boost|p2a: Bruce|atk|1\n|-boost|p2a: Bruce|spe|1\n|move|p1a: Arcanine|Flamethrower|p2a: Bruce\n|-resisted|p2a: Bruce|1\n|-damage|p2a: Bruce|34/100\n|\n|upkeep\n|turn|12\n|\n|t:|1776993272\n|move|p2a: Bruce|Roost|p2a: Bruce\n|-heal|p2a: Bruce|84/100\n|-singleturn|p2a: Bruce|move: Roost\n|move|p1a: Arcanine|Flamethrower|p2a: Bruce\n|-resisted|p2a: Bruce|1\n|-damage|p2a: Bruce|59/100\n|\n|upkeep\n|turn|13\n|\n|t:|1776993279\n|move|p2a: Bruce|Breaking Swipe|p1a: Arcanine\n|-damage|p1a: Arcanine|73/100\n|-unboost|p1a: Arcanine|atk|1\n|move|p1a: Arcanine|Flamethrower|p2a: Bruce\n|-resisted|p2a: Bruce|1\n|-damage|p2a: Bruce|36/100\n|\n|upkeep\n|turn|14\n|\n|t:|1776993289\n|move|p2a: Bruce|Roost|p2a: Bruce\n|-heal|p2a: Bruce|86/100\n|-singleturn|p2a: Bruce|move: Roost\n|move|p1a: Arcanine|Flamethrower|p2a: Bruce\n|-resisted|p2a: Bruce|1\n|-damage|p2a: Bruce|61/100\n|\n|upkeep\n|turn|15\n|\n|t:|1776993297\n|move|p2a: Bruce|Breaking Swipe|p1a: Arcanine\n|-damage|p1a: Arcanine|41/100\n|-unboost|p1a: Arcanine|atk|1\n|move|p1a: Arcanine|Flamethrower|p2a: Bruce\n|-resisted|p2a: Bruce|1\n|-damage|p2a: Bruce|37/100\n|\n|upkeep\n|turn|16\n|\n|t:|1776993305\n|move|p2a: Bruce|Roost|p2a: Bruce\n|-heal|p2a: Bruce|87/100\n|-singleturn|p2a: Bruce|move: Roost\n|move|p1a: Arcanine|Morning Sun|p1a: Arcanine\n|-heal|p1a: Arcanine|91/100\n|\n|upkeep\n|turn|17\n|\n|t:|1776993312\n|move|p2a: Bruce|Dragon Dance|p2a: Bruce\n|-boost|p2a: Bruce|atk|1\n|-boost|p2a: Bruce|spe|1\n|move|p1a: Arcanine|Flamethrower|p2a: Bruce\n|-resisted|p2a: Bruce|1\n|-damage|p2a: Bruce|62/100\n|\n|upkeep\n|turn|18\n|\n|t:|1776993319\n|move|p2a: Bruce|Dragon Dance|p2a: Bruce\n|-boost|p2a: Bruce|atk|1\n|-boost|p2a: Bruce|spe|1\n|move|p1a: Arcanine|Flamethrower|p2a: Bruce\n|-resisted|p2a: Bruce|1\n|-damage|p2a: Bruce|38/100\n|\n|upkeep\n|turn|19\n|\n|t:|1776993332\n|move|p2a: Bruce|Breaking Swipe|p1a: Arcanine\n|-damage|p1a: Arcanine|49/100\n|-unboost|p1a: Arcanine|atk|1\n|move|p1a: Arcanine|Scorching Sands|p2a: Bruce\n|-immune|p2a: Bruce\n|\n|upkeep\n|turn|20\n|\n|t:|1776993349\n|move|p2a: Bruce|Roost|p2a: Bruce\n|-heal|p2a: Bruce|88/100\n|-singleturn|p2a: Bruce|move: Roost\n|move|p1a: Arcanine|Scorching Sands|p2a: Bruce\n|-supereffective|p2a: Bruce|1\n|-crit|p2a: Bruce\n|-damage|p2a: Bruce|27/100\n|\n|upkeep\n|turn|21\n|\n|t:|1776993360\n|move|p2a: Bruce|Roost|p2a: Bruce\n|-heal|p2a: Bruce|77/100\n|-singleturn|p2a: Bruce|move: Roost\n|move|p1a: Arcanine|Flamethrower|p2a: Bruce\n|-resisted|p2a: Bruce|1\n|-damage|p2a: Bruce|51/100\n|\n|upkeep\n|turn|22\n|\n|t:|1776993370\n|move|p2a: Bruce|Breaking Swipe|p1a: Arcanine\n|-damage|p1a: Arcanine|10/100\n|-unboost|p1a: Arcanine|atk|1\n|move|p1a: Arcanine|Morning Sun|p1a: Arcanine\n|-heal|p1a: Arcanine|60/100\n|\n|upkeep\n|turn|23\n|\n|t:|1776993377\n|move|p2a: Bruce|Dragon Dance|p2a: Bruce\n|-boost|p2a: Bruce|atk|1\n|-boost|p2a: Bruce|spe|1\n|move|p1a: Arcanine|Scorching Sands|p2a: Bruce\n|-immune|p2a: Bruce\n|\n|upkeep\n|turn|24\n|\n|t:|1776993386\n|detailschange|p2a: Bruce|Charizard-Mega-X, L50, M\n|-mega|p2a: Bruce|Charizard|Charizardite X\n|move|p2a: Bruce|Breaking Swipe|p1a: Arcanine\n|-damage|p1a: Arcanine|0 fnt\n|faint|p1a: Arcanine\n|\n|upkeep\n|\n|t:|1776993392\n|switch|p1a: Charizard|Charizard, L50, M|100/100\n|turn|25\n|\n|t:|1776993395\n|move|p2a: Bruce|Breaking Swipe|p1a: Charizard\n|-damage|p1a: Charizard|0 fnt\n|faint|p1a: Charizard\n|\n|win|MiraidonGaming\n|raw|jyp0606's rating: 1190 &rarr; <strong>1167</strong><br />(-23 for losing)\n|raw|MiraidonGaming's rating: 1221 &rarr; <strong>1244</strong><br />(+23 for winning)\n", "uploadtime": 1776993406, "views": 1, "formatid": "gen9championsbssregma", "rating": 1167, "private": 0, "password": null}