{"id": "gen9championsbssregma-2592499758", "format": "[Gen 9 Champions] BSS Reg M-A", "players": ["Cold Steel III", "gorilnx"], "log": "|j|\u2606Cold Steel III\n|j|\u2606gorilnx\n|t:|1776995560\n|gametype|singles\n|player|p1|Cold Steel III|ash|1370\n|player|p2|gorilnx|dawn-gen4pt|1293\n|gen|9\n|tier|[Gen 9 Champions] BSS Reg M-A\n|rated|\n|rule|Species Clause: Limit one of each Pok\u00e9mon\n|rule|Item Clause: Limit 1 of each item\n|clearpoke\n|poke|p1|Bellibolt, L50, F|\n|poke|p1|Corviknight, L50, M|\n|poke|p1|Venusaur, L50, M|\n|poke|p1|Hydreigon, L50, F|\n|poke|p1|Starmie, L50|\n|poke|p1|Toxapex, L50, F|\n|poke|p2|Kangaskhan, L50, F|\n|poke|p2|Primarina, L50, M|\n|poke|p2|Corviknight, L50, F|\n|poke|p2|Garchomp, L50, M|\n|poke|p2|Gardevoir, L50, F|\n|poke|p2|Kingambit, L50, F|\n|teampreview|3\n|inactive|Battle timer is ON: inactive players will automatically lose when time's up. (requested by Cold Steel III)\n|inactive|gorilnx has 60 seconds left.\n|\n|t:|1776995602\n|teamsize|p1|3\n|teamsize|p2|3\n|start\n|switch|p1a: Toxapex|Toxapex, L50, F|100/100\n|switch|p2a: Gardevoir|Gardevoir, L50, F|100/100\n|-ability|p2a: Gardevoir|Regenerator|Trace|[from] ability: Trace|[of] p1a: Toxapex\n|turn|1\n|\n|t:|1776995611\n|detailschange|p2a: Gardevoir|Gardevoir-Mega, L50, F\n|-mega|p2a: Gardevoir|Gardevoir|Gardevoirite\n|move|p2a: Gardevoir|Calm Mind|p2a: Gardevoir\n|-boost|p2a: Gardevoir|spa|1\n|-boost|p2a: Gardevoir|spd|1\n|move|p1a: Toxapex|Toxic|p2a: Gardevoir\n|-status|p2a: Gardevoir|tox\n|\n|-damage|p2a: Gardevoir|95/100 tox|[from] psn\n|upkeep\n|turn|2\n|\n|t:|1776995618\n|switch|p1a: Corviknight|Corviknight, L50, M|100/100\n|move|p2a: Gardevoir|Calm Mind|p2a: Gardevoir\n|-boost|p2a: Gardevoir|spa|1\n|-boost|p2a: Gardevoir|spd|1\n|\n|-damage|p2a: Gardevoir|83/100 tox|[from] psn\n|upkeep\n|turn|3\n|\n|t:|1776995627\n|switch|p1a: Toxapex|Toxapex, L50, F|100/100\n|move|p2a: Gardevoir|Hyper Voice|p1a: Toxapex\n|-resisted|p1a: Toxapex|1\n|-damage|p1a: Toxapex|55/100\n|\n|-damage|p2a: Gardevoir|66/100 tox|[from] psn\n|upkeep\n|turn|4\n|\n|t:|1776995636\n|switch|p1a: Corviknight|Corviknight, L50, M|100/100\n|move|p2a: Gardevoir|Psyshock|p1a: Corviknight\n|-resisted|p1a: Corviknight|1\n|-damage|p1a: Corviknight|70/100\n|\n|-heal|p1a: Corviknight|76/100|[from] item: Leftovers\n|-damage|p2a: Gardevoir|43/100 tox|[from] psn\n|upkeep\n|turn|5\n|\n|t:|1776995644\n|move|p2a: Gardevoir|Hyper Voice|p1a: Corviknight\n|-resisted|p1a: Corviknight|1\n|-damage|p1a: Corviknight|10/100\n|move|p1a: Corviknight|Roost|p1a: Corviknight\n|-heal|p1a: Corviknight|61/100\n|-singleturn|p1a: Corviknight|move: Roost\n|\n|-heal|p1a: Corviknight|67/100|[from] item: Leftovers\n|-damage|p2a: Gardevoir|15/100 tox|[from] psn\n|upkeep\n|turn|6\n|\n|t:|1776995651\n|move|p2a: Gardevoir|Hyper Voice|p1a: Corviknight\n|-resisted|p1a: Corviknight|1\n|-damage|p1a: Corviknight|4/100\n|move|p1a: Corviknight|Roost|p1a: Corviknight\n|-heal|p1a: Corviknight|55/100\n|-singleturn|p1a: Corviknight|move: Roost\n|\n|-heal|p1a: Corviknight|61/100|[from] item: Leftovers\n|-damage|p2a: Gardevoir|0 fnt|[from] psn\n|faint|p2a: Gardevoir\n|upkeep\n|\n|t:|1776995654\n|switch|p2a: Primarina|Primarina, L50, M|100/100\n|turn|7\n|\n|t:|1776995662\n|switch|p1a: Bellibolt|Bellibolt, L50, F|100/100\n|move|p2a: Primarina|Sparkling Aria|p1a: Bellibolt\n|-damage|p1a: Bellibolt|67/100\n|-start|p1a: Bellibolt|Charge|Sparkling Aria|[from] ability: Electromorphosis\n|\n|upkeep\n|turn|8\n|\n|t:|1776995670\n|move|p2a: Primarina|Moonblast|p1a: Bellibolt\n|-damage|p1a: Bellibolt|32/100\n|-unboost|p1a: Bellibolt|spa|1\n|-start|p1a: Bellibolt|Charge|Moonblast|[from] ability: Electromorphosis\n|-enditem|p1a: Bellibolt|Sitrus Berry|[eat]\n|-heal|p1a: Bellibolt|57/100|[from] item: Sitrus Berry\n|move|p1a: Bellibolt|Parabolic Charge|p2a: Primarina\n|-supereffective|p2a: Primarina|1\n|-damage|p2a: Primarina|55/100\n|-heal|p1a: Bellibolt|77/100|[from] drain|[of] p2a: Primarina\n|-end|p1a: Bellibolt|Charge|[silent]\n|\n|upkeep\n|turn|9\n|\n|t:|1776995683\n|move|p2a: Primarina|Moonblast|p1a: Bellibolt\n|-damage|p1a: Bellibolt|44/100\n|-start|p1a: Bellibolt|Charge|Moonblast|[from] ability: Electromorphosis\n|move|p1a: Bellibolt|Acid Spray|p2a: Primarina\n|-supereffective|p2a: Primarina|1\n|-damage|p2a: Primarina|43/100\n|-unboost|p2a: Primarina|spd|2\n|-enditem|p2a: Primarina|Sitrus Berry|[eat]\n|-heal|p2a: Primarina|67/100|[from] item: Sitrus Berry\n|\n|upkeep\n|turn|10\n|\n|t:|1776995690\n|move|p2a: Primarina|Moonblast|p1a: Bellibolt\n|-crit|p1a: Bellibolt\n|-damage|p1a: Bellibolt|0 fnt\n|faint|p1a: Bellibolt\n|\n|upkeep\n|\n|t:|1776995693\n|switch|p1a: Toxapex|Toxapex, L50, F|88/100\n|turn|11\n|\n|t:|1776995695\n|switch|p2a: Kingambit|Kingambit, L50, F|100/100\n|-activate|p2a: Kingambit|ability: Supreme Overlord\n|-start|p2a: Kingambit|fallen1|[silent]\n|move|p1a: Toxapex|Toxic|p2a: Kingambit\n|-immune|p2a: Kingambit\n|\n|upkeep\n|turn|12\n|\n|t:|1776995701\n|switch|p1a: Corviknight|Corviknight, L50, M|61/100\n|move|p2a: Kingambit|Swords Dance|p2a: Kingambit\n|-boost|p2a: Kingambit|atk|2\n|\n|-heal|p1a: Corviknight|67/100|[from] item: Leftovers\n|upkeep\n|turn|13\n|\n|t:|1776995713\n|-end|p2a: Kingambit|fallen1|[silent]\n|switch|p2a: Primarina|Primarina, L50, M|67/100\n|move|p1a: Corviknight|Body Press|p2a: Primarina\n|-resisted|p2a: Primarina|1\n|-damage|p2a: Primarina|50/100\n|\n|-heal|p1a: Corviknight|73/100|[from] item: Leftovers\n|upkeep\n|turn|14\n|\n|t:|1776995721\n|switch|p1a: Toxapex|Toxapex, L50, F|100/100\n|move|p2a: Primarina|Sparkling Aria|p1a: Toxapex\n|-resisted|p1a: Toxapex|1\n|-damage|p1a: Toxapex|86/100\n|\n|upkeep\n|turn|15\n|\n|t:|1776995730\n|switch|p2a: Kingambit|Kingambit, L50, F|100/100\n|-activate|p2a: Kingambit|ability: Supreme Overlord\n|-start|p2a: Kingambit|fallen1|[silent]\n|move|p1a: Toxapex|Chilling Water|p2a: Kingambit\n|-damage|p2a: Kingambit|90/100\n|-unboost|p2a: Kingambit|atk|1\n|\n|upkeep\n|turn|16\n|\n|t:|1776995739\n|switch|p1a: Corviknight|Corviknight, L50, M|73/100\n|move|p2a: Kingambit|Kowtow Cleave|p1a: Corviknight\n|-damage|p1a: Corviknight|47/100\n|\n|-heal|p1a: Corviknight|53/100|[from] item: Leftovers\n|upkeep\n|turn|17\n|\n|t:|1776995747\n|-end|p2a: Kingambit|fallen1|[silent]\n|switch|p2a: Primarina|Primarina, L50, M|50/100\n|move|p1a: Corviknight|Roost|p1a: Corviknight\n|-heal|p1a: Corviknight|100/100\n|-singleturn|p1a: Corviknight|move: Roost\n|\n|upkeep\n|turn|18\n|\n|t:|1776995752\n|move|p1a: Corviknight|U-turn|p2a: Primarina\n|-resisted|p2a: Primarina|1\n|-damage|p2a: Primarina|41/100\n|\n|t:|1776995754\n|switch|p1a: Toxapex|Toxapex, L50, F|100/100|[from] U-turn\n|move|p2a: Primarina|Sparkling Aria|p1a: Toxapex\n|-resisted|p1a: Toxapex|1\n|-damage|p1a: Toxapex|86/100\n|\n|upkeep\n|turn|19\n|\n|t:|1776995766\n|move|p2a: Primarina|Perish Song|p2a: Primarina\n|-start|p1a: Toxapex|perish3|[silent]\n|-start|p2a: Primarina|perish3|[silent]\n|-fieldactivate|move: Perish Song\n|move|p1a: Toxapex|Chilling Water|p2a: Primarina\n|-resisted|p2a: Primarina|1\n|-damage|p2a: Primarina|37/100\n|-unboost|p2a: Primarina|atk|1\n|\n|-start|p2a: Primarina|perish3\n|-start|p1a: Toxapex|perish3\n|upkeep\n|turn|20\n|\n|t:|1776995775\n|switch|p2a: Kingambit|Kingambit, L50, F|90/100\n|-activate|p2a: Kingambit|ability: Supreme Overlord\n|-start|p2a: Kingambit|fallen1|[silent]\n|move|p1a: Toxapex|Toxic|p2a: Kingambit\n|-immune|p2a: Kingambit\n|\n|-start|p1a: Toxapex|perish2\n|upkeep\n|turn|21\n|\n|t:|1776995781\n|switch|p1a: Corviknight|Corviknight, L50, M|100/100\n|move|p2a: Kingambit|Swords Dance|p2a: Kingambit\n|-boost|p2a: Kingambit|atk|2\n|\n|upkeep\n|turn|22\n|\n|t:|1776995789\n|move|p2a: Kingambit|Kowtow Cleave|p1a: Corviknight\n|-damage|p1a: Corviknight|25/100\n|move|p1a: Corviknight|Body Press|p2a: Kingambit\n|-supereffective|p2a: Kingambit|2\n|-damage|p2a: Kingambit|10/100\n|\n|-heal|p1a: Corviknight|31/100|[from] item: Leftovers\n|upkeep\n|turn|23\n|\n|t:|1776995799\n|move|p2a: Kingambit|Kowtow Cleave|p1a: Corviknight\n|-damage|p1a: Corviknight|0 fnt\n|faint|p1a: Corviknight\n|\n|upkeep\n|\n|t:|1776995801\n|switch|p1a: Toxapex|Toxapex, L50, F|100/100\n|turn|24\n|\n|t:|1776995810\n|move|p2a: Kingambit|Kowtow Cleave|p1a: Toxapex\n|-damage|p1a: Toxapex|4/100\n|move|p1a: Toxapex|Chilling Water|p2a: Kingambit\n|-damage|p2a: Kingambit|0 fnt\n|faint|p2a: Kingambit\n|-end|p2a: Kingambit|fallen1|[silent]\n|\n|upkeep\n|\n|t:|1776995815\n|switch|p2a: Primarina|Primarina, L50, M|37/100\n|turn|25\n|-message|Cold Steel III forfeited.\n|\n|win|gorilnx\n|raw|Cold Steel III's rating: 1370 &rarr; <strong>1346</strong><br />(-24 for losing)\n|raw|gorilnx's rating: 1293 &rarr; <strong>1323</strong><br />(+30 for winning)\n|l|\u2606Cold Steel III\n|player|p1|\n", "uploadtime": 1776995824, "views": 2, "formatid": "gen9championsbssregma", "rating": 1323, "private": 0, "password": null}