{"id": "gen9championsbssregma-2590092075", "format": "[Gen 9 Champions] BSS Reg M-A", "players": ["kth0817", "gshs5"], "log": "|j|\u2606kth0817\n|j|\u2606gshs5\n|t:|1776786405\n|gametype|singles\n|player|p1|kth0817|2|1318\n|player|p2|gshs5|101|1173\n|gen|9\n|tier|[Gen 9 Champions] BSS Reg M-A\n|rated|\n|rule|Species Clause: Limit one of each Pok\u00e9mon\n|rule|Item Clause: Limit 1 of each item\n|clearpoke\n|poke|p1|Hippowdon, L50, F|\n|poke|p1|Sneasler, L50, M|\n|poke|p1|Gyarados, L50, F|\n|poke|p1|Venusaur, L50, M|\n|poke|p1|Kingambit, L50, M|\n|poke|p1|Espeon, L50, M|\n|poke|p2|Venusaur, L50, F|\n|poke|p2|Hippowdon, L50, F|\n|poke|p2|Aegislash, L50, M|\n|poke|p2|Altaria, L50, F|\n|poke|p2|Rotom-Wash, L50|\n|poke|p2|Scovillain, L50, F|\n|teampreview|3\n|inactive|Battle timer is ON: inactive players will automatically lose when time's up. (requested by kth0817)\n|\n|t:|1776786442\n|teamsize|p1|3\n|teamsize|p2|3\n|start\n|switch|p1a: Kingambit|Kingambit, L50, M|100/100\n|switch|p2a: Aegislash|Aegislash, L50, M|100/100\n|turn|1\n|\n|t:|1776786451\n|-formechange|p2a: Aegislash|Aegislash-Blade|\n|move|p2a: Aegislash|Close Combat|p1a: Kingambit\n|-supereffective|p1a: Kingambit|2\n|-enditem|p1a: Kingambit|Focus Sash\n|-damage|p1a: Kingambit|1/100\n|-unboost|p2a: Aegislash|def|1\n|-unboost|p2a: Aegislash|spd|1\n|move|p1a: Kingambit|Stealth Rock|p2a: Aegislash\n|-sidestart|p2: gshs5|move: Stealth Rock\n|\n|upkeep\n|turn|2\n|\n|t:|1776786456\n|move|p2a: Aegislash|Shadow Sneak|p1a: Kingambit\n|-resisted|p1a: Kingambit|1\n|-damage|p1a: Kingambit|0 fnt\n|faint|p1a: Kingambit\n|\n|upkeep\n|\n|t:|1776786460\n|switch|p1a: Gyarados|Gyarados, L50, F|100/100\n|-ability|p1a: Gyarados|Intimidate|boost\n|-unboost|p2a: Aegislash|atk|1\n|turn|3\n|\n|t:|1776786471\n|move|p1a: Gyarados|Dragon Dance|p1a: Gyarados\n|-boost|p1a: Gyarados|atk|1\n|-boost|p1a: Gyarados|spe|1\n|move|p2a: Aegislash|Shadow Ball|p1a: Gyarados\n|-damage|p1a: Gyarados|51/100\n|\n|upkeep\n|turn|4\n|\n|t:|1776786477\n|move|p1a: Gyarados|Crunch|p2a: Aegislash\n|-supereffective|p2a: Aegislash|1\n|-enditem|p2a: Aegislash|Focus Sash\n|-damage|p2a: Aegislash|1/100\n|move|p2a: Aegislash|Head Smash|p1a: Gyarados\n|-supereffective|p1a: Gyarados|1\n|-damage|p1a: Gyarados|0 fnt\n|faint|p1a: Gyarados\n|-damage|p2a: Aegislash|0 fnt|[from] Recoil\n|faint|p2a: Aegislash\n|\n|upkeep\n|\n|t:|1776786482\n|switch|p1a: Sneasler|Sneasler, L50, M|100/100\n|switch|p2a: Rotom|Rotom-Wash, L50|100/100\n|-damage|p2a: Rotom|88/100|[from] Stealth Rock\n|turn|5\n|\n|t:|1776786489\n|move|p1a: Sneasler|Swords Dance|p1a: Sneasler\n|-boost|p1a: Sneasler|atk|2\n|move|p2a: Rotom|Thunder Wave|p1a: Sneasler\n|-status|p1a: Sneasler|par\n|\n|upkeep\n|turn|6\n|\n|t:|1776786492\n|move|p2a: Rotom|Hydro Pump|p1a: Sneasler\n|-damage|p1a: Sneasler|42/100 par\n|cant|p1a: Sneasler|par\n|\n|upkeep\n|turn|7\n|\n|t:|1776786496\n|move|p2a: Rotom|Hydro Pump|p1a: Sneasler\n|-damage|p1a: Sneasler|0 fnt\n|faint|p1a: Sneasler\n|\n|win|gshs5\n|raw|kth0817's rating: 1318 &rarr; <strong>1290</strong><br />(-28 for losing)\n|raw|gshs5's rating: 1173 &rarr; <strong>1208</strong><br />(+35 for winning)\n|l|\u2606kth0817\n|player|p1|\n", "uploadtime": 1776786499, "views": 2, "formatid": "gen9championsbssregma", "rating": 1208, "private": 0, "password": null}