{"id": "gen9championsbssregma-2594305595", "format": "[Gen 9 Champions] BSS Reg M-A", "players": ["driflount drifloon", "Voltaris33"], "log": "|j|\u2606driflount drifloon\n|j|\u2606Voltaris33\n|t:|1777177930\n|gametype|singles\n|player|p1|driflount drifloon|brock|1226\n|player|p2|Voltaris33|unknownf|1311\n|gen|9\n|tier|[Gen 9 Champions] BSS Reg M-A\n|rated|\n|rule|Species Clause: Limit one of each Pok\u00e9mon\n|rule|Item Clause: Limit 1 of each item\n|clearpoke\n|poke|p1|Espathra, L50, F|\n|poke|p1|Glimmora, L50, F|\n|poke|p1|Slowbro, L50, F|\n|poke|p1|Clefable, L50, M|\n|poke|p1|Corviknight, L50, F|\n|poke|p1|Incineroar, L50, F|\n|poke|p2|Skarmory, L50, M|\n|poke|p2|Garchomp, L50, M|\n|poke|p2|Aggron, L50, M|\n|poke|p2|Armarouge, L50, F|\n|poke|p2|Zoroark-Hisui, L50, F|\n|poke|p2|Vaporeon, L50, M|\n|teampreview|3\n|inactive|Battle timer is ON: inactive players will automatically lose when time's up. (requested by Voltaris33)\n|inactive|driflount drifloon has 60 seconds left.\n|\n|t:|1777177982\n|teamsize|p1|3\n|teamsize|p2|3\n|start\n|switch|p1a: Clefable|Clefable, L50, M|100/100\n|switch|p2a: Vaporeon|Vaporeon, L50, M|100/100\n|turn|1\n|\n|t:|1777177990\n|detailschange|p1a: Clefable|Clefable-Mega, L50, M\n|-mega|p1a: Clefable|Clefable|Clefablite\n|move|p1a: Clefable|Calm Mind|p1a: Clefable\n|-boost|p1a: Clefable|spa|1\n|-boost|p1a: Clefable|spd|1\n|move|p2a: Vaporeon|Flip Turn|p1a: Clefable\n|-damage|p1a: Clefable|89/100\n|\n|t:|1777178001\n|switch|p2a: Aggron|Aggron, L50, M|100/100|[from] Flip Turn\n|\n|upkeep\n|turn|2\n|\n|t:|1777178005\n|detailschange|p2a: Aggron|Aggron-Mega, L50, M\n|-mega|p2a: Aggron|Aggron|Aggronite\n|move|p1a: Clefable|Baton Pass|p1a: Clefable\n|\n|t:|1777178007\n|switch|p1a: Incineroar|Incineroar, L50, F|100/100|[from] Baton Pass\n|-ability|p1a: Incineroar|Intimidate|boost\n|-unboost|p2a: Aggron|atk|1\n|move|p2a: Aggron|Iron Defense|p2a: Aggron\n|-boost|p2a: Aggron|def|2\n|\n|upkeep\n|turn|3\n|\n|t:|1777178021\n|move|p1a: Incineroar|Baton Pass|p1a: Incineroar\n|\n|t:|1777178022\n|switch|p1a: Clefable|Clefable-Mega, L50, M|89/100|[from] Baton Pass\n|move|p2a: Aggron|Body Press|p1a: Clefable\n|-resisted|p1a: Clefable|2\n|-damage|p1a: Clefable|74/100\n|\n|upkeep\n|turn|4\n|\n|t:|1777178029\n|move|p1a: Clefable|Encore|p2a: Aggron\n|-start|p2a: Aggron|Encore\n|move|p2a: Aggron|Body Press|p1a: Clefable\n|-resisted|p1a: Clefable|2\n|-damage|p1a: Clefable|59/100\n|\n|upkeep\n|turn|5\n|\n|t:|1777178035\n|move|p1a: Clefable|Draining Kiss|p2a: Aggron\n|-resisted|p2a: Aggron|1\n|-damage|p2a: Aggron|81/100\n|-heal|p1a: Clefable|71/100|[from] drain|[of] p2a: Aggron\n|move|p2a: Aggron|Body Press|p1a: Clefable\n|-resisted|p1a: Clefable|2\n|-damage|p1a: Clefable|55/100\n|\n|upkeep\n|turn|6\n|\n|t:|1777178042\n|move|p1a: Clefable|Draining Kiss|p2a: Aggron\n|-resisted|p2a: Aggron|1\n|-damage|p2a: Aggron|60/100\n|-heal|p1a: Clefable|69/100|[from] drain|[of] p2a: Aggron\n|move|p2a: Aggron|Body Press|p1a: Clefable\n|-resisted|p1a: Clefable|2\n|-damage|p1a: Clefable|51/100\n|\n|-end|p2a: Aggron|Encore\n|upkeep\n|turn|7\n|\n|t:|1777178052\n|move|p1a: Clefable|Encore|p2a: Aggron\n|-start|p2a: Aggron|Encore\n|move|p2a: Aggron|Body Press|p1a: Clefable\n|-resisted|p1a: Clefable|2\n|-damage|p1a: Clefable|35/100\n|\n|upkeep\n|turn|8\n|\n|t:|1777178076\n|move|p1a: Clefable|Draining Kiss|p2a: Aggron\n|-resisted|p2a: Aggron|1\n|-damage|p2a: Aggron|40/100\n|-heal|p1a: Clefable|48/100|[from] drain|[of] p2a: Aggron\n|move|p2a: Aggron|Body Press|p1a: Clefable\n|-resisted|p1a: Clefable|2\n|-crit|p1a: Clefable\n|-damage|p1a: Clefable|24/100\n|\n|upkeep\n|turn|9\n|\n|t:|1777178084\n|move|p1a: Clefable|Draining Kiss|p2a: Aggron\n|-resisted|p2a: Aggron|1\n|-damage|p2a: Aggron|19/100\n|-heal|p1a: Clefable|39/100|[from] drain|[of] p2a: Aggron\n|move|p2a: Aggron|Body Press|p1a: Clefable\n|-resisted|p1a: Clefable|2\n|-damage|p1a: Clefable|21/100\n|\n|-end|p2a: Aggron|Encore\n|upkeep\n|turn|10\n|\n|t:|1777178094\n|switch|p2a: Vaporeon|Vaporeon, L50, M|100/100\n|move|p1a: Clefable|Draining Kiss|p2a: Vaporeon\n|-damage|p2a: Vaporeon|79/100\n|-heal|p1a: Clefable|39/100|[from] drain|[of] p2a: Vaporeon\n|\n|-heal|p2a: Vaporeon|85/100|[from] item: Leftovers\n|upkeep\n|turn|11\n|\n|t:|1777178102\n|move|p1a: Clefable|Draining Kiss|p2a: Vaporeon\n|-damage|p2a: Vaporeon|66/100\n|-heal|p1a: Clefable|56/100|[from] drain|[of] p2a: Vaporeon\n|move|p2a: Vaporeon|Wish|p2a: Vaporeon\n|\n|-heal|p2a: Vaporeon|72/100|[from] item: Leftovers\n|upkeep\n|turn|12\n|\n|t:|1777178110\n|move|p2a: Vaporeon|Protect|p2a: Vaporeon\n|-singleturn|p2a: Vaporeon|Protect\n|move|p1a: Clefable|Calm Mind|p1a: Clefable\n|-boost|p1a: Clefable|spa|1\n|-boost|p1a: Clefable|spd|1\n|\n|-heal|p2a: Vaporeon|100/100|[from] move: Wish|[wisher] Vaporeon\n|upkeep\n|turn|13\n|\n|t:|1777178118\n|move|p1a: Clefable|Encore|p2a: Vaporeon\n|-start|p2a: Vaporeon|Encore\n|move|p2a: Vaporeon|Protect||[still]\n|-fail|p2a: Vaporeon\n|\n|upkeep\n|turn|14\n|\n|t:|1777178130\n|switch|p2a: Aggron|Aggron-Mega, L50, M|100/100\n|move|p1a: Clefable|Calm Mind|p1a: Clefable\n|-boost|p1a: Clefable|spa|1\n|-boost|p1a: Clefable|spd|1\n|\n|upkeep\n|turn|15\n|\n|t:|1777178140\n|move|p2a: Aggron|Hyper Voice|p1a: Clefable\n|-damage|p1a: Clefable|43/100\n|move|p1a: Clefable|Baton Pass|p1a: Clefable\n|\n|t:|1777178152\n|switch|p1a: Incineroar|Incineroar, L50, F|100/100|[from] Baton Pass\n|-ability|p1a: Incineroar|Intimidate|boost\n|-unboost|p2a: Aggron|atk|1\n|\n|upkeep\n|turn|16\n|\n|t:|1777178159\n|move|p2a: Aggron|Hyper Voice|p1a: Incineroar\n|-damage|p1a: Incineroar|85/100\n|move|p1a: Incineroar|Flame Charge|p2a: Aggron\n|-damage|p2a: Aggron|57/100\n|-boost|p1a: Incineroar|spe|1\n|replace|p2a: Zoroark|Zoroark-Hisui, L50, F\n|-end|p2a: Zoroark|Illusion\n|\n|upkeep\n|turn|17\n|j| Oasis of Storms\n|\n|t:|1777178172\n|switch|p2a: Vaporeon|Vaporeon, L50, M|100/100\n|move|p1a: Incineroar|Power Trip|p2a: Vaporeon\n|-damage|p2a: Vaporeon|34/100\n|\n|-heal|p2a: Vaporeon|40/100|[from] item: Leftovers\n|upkeep\n|turn|18\n|\n|t:|1777178179\n|move|p1a: Incineroar|Power Trip|p2a: Vaporeon\n|-damage|p2a: Vaporeon|0 fnt\n|faint|p2a: Vaporeon\n|\n|upkeep\n|\n|t:|1777178180\n|switch|p2a: Aggron|Aggron-Mega, L50, M|19/100\n|turn|19\n|\n|t:|1777178186\n|move|p1a: Incineroar|Power Trip|p2a: Aggron\n|-damage|p2a: Aggron|0 fnt\n|faint|p2a: Aggron\n|\n|upkeep\n|\n|t:|1777178189\n|switch|p2a: Zoroark|Zoroark-Hisui, L50, F|57/100\n|turn|20\n|\n|t:|1777178192\n|move|p2a: Zoroark|Hyper Voice|p1a: Incineroar\n|-damage|p1a: Incineroar|71/100\n|move|p1a: Incineroar|Power Trip|p2a: Zoroark\n|-supereffective|p2a: Zoroark|1\n|-damage|p2a: Zoroark|0 fnt\n|faint|p2a: Zoroark\n|\n|win|driflount drifloon\n|raw|driflount drifloon's rating: 1226 &rarr; <strong>1256</strong><br />(+30 for winning)\n|raw|Voltaris33's rating: 1291 &rarr; <strong>1261</strong><br />(-30 for losing)\n|c|\u2606driflount drifloon|gg\n", "uploadtime": 1777178205, "views": 6, "formatid": "gen9championsbssregma", "rating": 1256, "private": 0, "password": null}