{"id": "gen9championsbssregma-2589585337", "format": "[Gen 9 Champions] BSS Reg M-A", "players": ["seiyokumazinX", "Ineedaonetype"], "log": "|j|\u2606seiyokumazinX\n|j|\u2606Ineedaonetype\n|t:|1776736508\n|gametype|singles\n|player|p1|seiyokumazinX|pokemaniac|1387\n|player|p2|Ineedaonetype|2|1475\n|gen|9\n|tier|[Gen 9 Champions] BSS Reg M-A\n|rated|\n|rule|Species Clause: Limit one of each Pok\u00e9mon\n|rule|Item Clause: Limit 1 of each item\n|clearpoke\n|poke|p1|Kleavor, L50, M|\n|poke|p1|Azumarill, L50, F|\n|poke|p1|Kingambit, L50, F|\n|poke|p1|Pinsir, L50, F|\n|poke|p1|Whimsicott, L50, F|\n|poke|p1|Goodra-Hisui, L50, M|\n|poke|p2|Arcanine-Hisui, L50, F|\n|poke|p2|Meganium, L50, F|\n|poke|p2|Primarina, L50, F|\n|poke|p2|Hydreigon, L50, M|\n|poke|p2|Scizor, L50, M|\n|poke|p2|Archaludon, L50, F|\n|teampreview|3\n|\n|t:|1776736564\n|teamsize|p1|3\n|teamsize|p2|3\n|start\n|switch|p1a: Kleavor|Kleavor, L50, M|100/100\n|switch|p2a: Arcanine|Arcanine-Hisui, L50, F|100/100\n|turn|1\n|\n|t:|1776736573\n|move|p2a: Arcanine|Flare Blitz|p1a: Kleavor\n|-damage|p1a: Kleavor|41/100\n|move|p1a: Kleavor|Rock Tomb|p2a: Arcanine\n|-supereffective|p2a: Arcanine|1\n|-damage|p2a: Arcanine|10/100\n|-unboost|p2a: Arcanine|spe|1\n|\n|upkeep\n|turn|2\n|\n|t:|1776736595\n|switch|p2a: Archaludon|Archaludon, L50, F|100/100\n|move|p1a: Kleavor|Stone Axe|p2a: Archaludon\n|-resisted|p2a: Archaludon|1\n|-damage|p2a: Archaludon|77/100\n|-sidestart|p2: Ineedaonetype|move: Stealth Rock\n|\n|upkeep\n|turn|3\n|\n|t:|1776736606\n|move|p2a: Archaludon|Flash Cannon|p1a: Kleavor\n|-supereffective|p1a: Kleavor|1\n|-damage|p1a: Kleavor|0 fnt\n|faint|p1a: Kleavor\n|\n|upkeep\n|\n|t:|1776736611\n|switch|p1a: Whimsicott|Whimsicott, L50, F|100/100\n|turn|4\n|\n|t:|1776736616\n|move|p1a: Whimsicott|Light Screen|p1a: Whimsicott\n|-sidestart|p1: seiyokumazinX|move: Light Screen\n|move|p2a: Archaludon|Flash Cannon|p1a: Whimsicott\n|-supereffective|p1a: Whimsicott|1\n|-damage|p1a: Whimsicott|47/100\n|\n|upkeep\n|turn|5\n|\n|t:|1776736626\n|switch|p2a: Scizor|Scizor, L50, M|100/100\n|-damage|p2a: Scizor|88/100|[from] Stealth Rock\n|move|p1a: Whimsicott|Leech Seed|p2a: Scizor\n|-start|p2a: Scizor|move: Leech Seed\n|\n|-damage|p2a: Scizor|76/100|[from] Leech Seed|[of] p1a: Whimsicott\n|-heal|p1a: Whimsicott|60/100|[silent]\n|upkeep\n|turn|6\n|\n|t:|1776736636\n|detailschange|p2a: Scizor|Scizor-Mega, L50, M\n|-mega|p2a: Scizor|Scizor|Scizorite\n|move|p1a: Whimsicott|Charm|p2a: Scizor\n|-unboost|p2a: Scizor|atk|2\n|move|p2a: Scizor|Swords Dance|p2a: Scizor\n|-boost|p2a: Scizor|atk|2\n|\n|-damage|p2a: Scizor|63/100|[from] Leech Seed|[of] p1a: Whimsicott\n|-heal|p1a: Whimsicott|73/100|[silent]\n|upkeep\n|turn|7\n|\n|t:|1776736646\n|switch|p2a: Archaludon|Archaludon, L50, F|77/100\n|-damage|p2a: Archaludon|71/100|[from] Stealth Rock\n|move|p1a: Whimsicott|Charm|p2a: Archaludon\n|-unboost|p2a: Archaludon|atk|2\n|-enditem|p2a: Archaludon|White Herb\n|-clearnegativeboost|p2a: Archaludon|[silent]\n|\n|upkeep\n|turn|8\n|\n|t:|1776736656\n|move|p1a: Whimsicott|Leech Seed|p2a: Archaludon\n|-start|p2a: Archaludon|move: Leech Seed\n|move|p2a: Archaludon|Flash Cannon|p1a: Whimsicott\n|-supereffective|p1a: Whimsicott|1\n|-damage|p1a: Whimsicott|18/100\n|\n|-damage|p2a: Archaludon|59/100|[from] Leech Seed|[of] p1a: Whimsicott\n|-heal|p1a: Whimsicott|30/100|[silent]\n|-sideend|p1: seiyokumazinX|move: Light Screen\n|upkeep\n|turn|9\n|\n|t:|1776736665\n|move|p1a: Whimsicott|Light Screen|p1a: Whimsicott\n|-sidestart|p1: seiyokumazinX|move: Light Screen\n|move|p2a: Archaludon|Flash Cannon|p1a: Whimsicott\n|-supereffective|p1a: Whimsicott|1\n|-damage|p1a: Whimsicott|0 fnt\n|faint|p1a: Whimsicott\n|\n|upkeep\n|\n|t:|1776736671\n|switch|p1a: Pinsir|Pinsir, L50, F|100/100\n|turn|10\n|\n|t:|1776736678\n|detailschange|p1a: Pinsir|Pinsir-Mega, L50, F\n|-mega|p1a: Pinsir|Pinsir|Pinsirite\n|move|p1a: Pinsir|Swords Dance|p1a: Pinsir\n|-boost|p1a: Pinsir|atk|2\n|move|p2a: Archaludon|Draco Meteor|p1a: Pinsir\n|-damage|p1a: Pinsir|58/100\n|-unboost|p2a: Archaludon|spa|2\n|\n|-damage|p2a: Archaludon|47/100|[from] Leech Seed|[of] p1a: Pinsir\n|-heal|p1a: Pinsir|72/100|[silent]\n|upkeep\n|turn|11\n|\n|t:|1776736690\n|switch|p2a: Arcanine|Arcanine-Hisui, L50, F|10/100\n|-damage|p2a: Arcanine|0 fnt|[from] Stealth Rock\n|faint|p2a: Arcanine\n|move|p1a: Pinsir|Swords Dance|p1a: Pinsir\n|-boost|p1a: Pinsir|atk|2\n|\n|upkeep\n|\n|t:|1776736697\n|switch|p2a: Scizor|Scizor-Mega, L50, M|63/100\n|-damage|p2a: Scizor|51/100|[from] Stealth Rock\n|turn|12\n|\n|t:|1776736702\n|move|p1a: Pinsir|Quick Attack|p2a: Scizor\n|-damage|p2a: Scizor|0 fnt\n|faint|p2a: Scizor\n|\n|upkeep\n|\n|t:|1776736711\n|switch|p2a: Archaludon|Archaludon, L50, F|47/100\n|-damage|p2a: Archaludon|41/100|[from] Stealth Rock\n|turn|13\n|\n|t:|1776736715\n|move|p1a: Pinsir|Storm Throw|p2a: Archaludon\n|-supereffective|p2a: Archaludon|1\n|-crit|p2a: Archaludon\n|-damage|p2a: Archaludon|0 fnt\n|faint|p2a: Archaludon\n|\n|win|seiyokumazinX\n|raw|seiyokumazinX's rating: 1387 &rarr; <strong>1412</strong><br />(+25 for winning)\n|raw|Ineedaonetype's rating: 1475 &rarr; <strong>1450</strong><br />(-25 for losing)\n", "uploadtime": 1776736724, "views": 4, "formatid": "gen9championsbssregma", "rating": 1412, "private": 0, "password": null}