{"id": "gen9championsbssregma-2593497958", "format": "[Gen 9 Champions] BSS Reg M-A", "players": ["OMP.s08", "meteor1101"], "log": "|j|\u2606OMP.s08\n|j|\u2606meteor1101\n|t:|1777088957\n|gametype|singles\n|player|p1|OMP.s08|roxie|1378\n|player|p2|meteor1101|1|1415\n|gen|9\n|tier|[Gen 9 Champions] BSS Reg M-A\n|rated|\n|rule|Species Clause: Limit one of each Pok\u00e9mon\n|rule|Item Clause: Limit 1 of each item\n|clearpoke\n|poke|p1|Lopunny, L50, F|\n|poke|p1|Snorlax, L50, M|\n|poke|p1|Greninja, L50, M|\n|poke|p1|Skeledirge, L50, M|\n|poke|p1|Garchomp, L50, M|\n|poke|p1|Scizor, L50, M|\n|poke|p2|Garchomp, L50, M|\n|poke|p2|Kangaskhan, L50, F|\n|poke|p2|Gengar, L50, M|\n|poke|p2|Corviknight, L50, F|\n|poke|p2|Primarina, L50, M|\n|poke|p2|Rotom-Heat, L50|\n|teampreview|3\n|\n|t:|1777089000\n|teamsize|p1|3\n|teamsize|p2|3\n|start\n|switch|p1a: Lopunny|Lopunny, L50, F|100/100\n|switch|p2a: Gengar|Gengar, L50, M|100/100\n|turn|1\n|\n|t:|1777089013\n|detailschange|p2a: Gengar|Gengar-Mega, L50, M\n|-mega|p2a: Gengar|Gengar|Gengarite\n|detailschange|p1a: Lopunny|Lopunny-Mega, L50, F\n|-mega|p1a: Lopunny|Lopunny|Lopunnite\n|move|p2a: Gengar|Protect|p2a: Gengar\n|-singleturn|p2a: Gengar|Protect\n|move|p1a: Lopunny|Fake Out|p2a: Gengar\n|-activate|p2a: Gengar|move: Protect\n|\n|upkeep\n|turn|2\n|\n|t:|1777089026\n|move|p1a: Lopunny|U-turn|p2a: Gengar\n|-resisted|p2a: Gengar|2\n|-damage|p2a: Gengar|90/100\n|\n|t:|1777089029\n|switch|p1a: Snorlax|Snorlax, L50, M|100/100|[from] U-turn\n|move|p2a: Gengar|Sludge Wave|p1a: Snorlax\n|-damage|p1a: Snorlax|68/100\n|-status|p1a: Snorlax|psn\n|\n|-heal|p1a: Snorlax|74/100 psn|[from] item: Leftovers\n|-damage|p1a: Snorlax|62/100 psn|[from] psn\n|upkeep\n|turn|3\n|\n|t:|1777089034\n|switch|p2a: Corviknight|Corviknight, L50, F|100/100\n|move|p1a: Snorlax|Earthquake|p2a: Corviknight\n|-immune|p2a: Corviknight\n|\n|-heal|p1a: Snorlax|68/100 psn|[from] item: Leftovers\n|-damage|p1a: Snorlax|55/100 psn|[from] psn\n|upkeep\n|turn|4\n|\n|t:|1777089043\n|switch|p1a: Skeledirge|Skeledirge, L50, M|100/100\n|move|p2a: Corviknight|Body Press|p1a: Skeledirge\n|-immune|p1a: Skeledirge\n|\n|upkeep\n|turn|5\n|\n|t:|1777089048\n|switch|p2a: Gengar|Gengar-Mega, L50, M|90/100\n|move|p1a: Skeledirge|Will-O-Wisp|p2a: Gengar\n|-status|p2a: Gengar|brn\n|\n|-damage|p2a: Gengar|84/100 brn|[from] brn\n|upkeep\n|turn|6\n|\n|t:|1777089058\n|switch|p1a: Lopunny|Lopunny-Mega, L50, F|100/100\n|move|p2a: Gengar|Shadow Ball|p1a: Lopunny\n|-immune|p1a: Lopunny\n|\n|-damage|p2a: Gengar|79/100 brn|[from] brn\n|upkeep\n|turn|7\n|\n|t:|1777089068\n|move|p2a: Gengar|Protect|p2a: Gengar\n|-singleturn|p2a: Gengar|Protect\n|move|p1a: Lopunny|Fake Out|p2a: Gengar\n|-activate|p2a: Gengar|move: Protect\n|\n|-damage|p2a: Gengar|73/100 brn|[from] brn\n|upkeep\n|turn|8\n|\n|t:|1777089072\n|move|p1a: Lopunny|U-turn|p2a: Gengar\n|-resisted|p2a: Gengar|2\n|-damage|p2a: Gengar|63/100 brn\n|\n|t:|1777089075\n|switch|p1a: Snorlax|Snorlax, L50, M|55/100 psn|[from] U-turn\n|move|p2a: Gengar|Sludge Wave|p1a: Snorlax\n|-damage|p1a: Snorlax|23/100 psn\n|\n|-heal|p1a: Snorlax|29/100 psn|[from] item: Leftovers\n|-damage|p1a: Snorlax|17/100 psn|[from] psn\n|-damage|p2a: Gengar|57/100 brn|[from] brn\n|upkeep\n|turn|9\n|inactive|Battle timer is ON: inactive players will automatically lose when time's up. (requested by meteor1101)\n|\n|t:|1777089081\n|move|p2a: Gengar|Sludge Wave|p1a: Snorlax\n|-damage|p1a: Snorlax|0 fnt\n|faint|p1a: Snorlax\n|\n|-damage|p2a: Gengar|52/100 brn|[from] brn\n|upkeep\n|\n|t:|1777089088\n|switch|p1a: Lopunny|Lopunny-Mega, L50, F|100/100\n|turn|10\n|\n|t:|1777089096\n|switch|p2a: Corviknight|Corviknight, L50, F|100/100\n|move|p1a: Lopunny|Triple Axel|p2a: Corviknight\n|-damage|p2a: Corviknight|94/100\n|-damage|p2a: Corviknight|81/100\n|-damage|p2a: Corviknight|63/100\n|-hitcount|p2a: Corviknight|3\n|\n|-heal|p2a: Corviknight|69/100|[from] item: Leftovers\n|upkeep\n|turn|11\n|\n|t:|1777089105\n|switch|p2a: Gengar|Gengar-Mega, L50, M|52/100 brn\n|move|p1a: Lopunny|U-turn|p2a: Gengar\n|-resisted|p2a: Gengar|2\n|-damage|p2a: Gengar|42/100 brn\n|\n|t:|1777089110\n|switch|p1a: Skeledirge|Skeledirge, L50, M|100/100|[from] U-turn\n|\n|-damage|p2a: Gengar|36/100 brn|[from] brn\n|upkeep\n|turn|12\n|\n|t:|1777089112\n|move|p2a: Gengar|Sludge Wave|p1a: Skeledirge\n|-resisted|p1a: Skeledirge|1\n|-damage|p1a: Skeledirge|65/100\n|-status|p1a: Skeledirge|psn\n|move|p1a: Skeledirge|Torch Song|p2a: Gengar\n|-damage|p2a: Gengar|0 fnt\n|-boost|p1a: Skeledirge|spa|1\n|faint|p2a: Gengar\n|\n|-damage|p1a: Skeledirge|53/100 psn|[from] psn\n|upkeep\n|\n|t:|1777089115\n|switch|p2a: Garchomp|Garchomp, L50, M|100/100\n|turn|13\n|\n|t:|1777089118\n|move|p2a: Garchomp|Earthquake|p1a: Skeledirge\n|-supereffective|p1a: Skeledirge|1\n|-enditem|p1a: Skeledirge|Shuca Berry|[eat]\n|-enditem|p1a: Skeledirge|Shuca Berry|[weaken]\n|-damage|p1a: Skeledirge|23/100 psn\n|move|p1a: Skeledirge|Will-O-Wisp|p2a: Garchomp\n|-status|p2a: Garchomp|brn\n|\n|-damage|p1a: Skeledirge|10/100 psn|[from] psn\n|-damage|p2a: Garchomp|95/100 brn|[from] brn\n|upkeep\n|turn|14\n|\n|t:|1777089125\n|move|p2a: Garchomp|Earthquake|p1a: Skeledirge\n|-supereffective|p1a: Skeledirge|1\n|-damage|p1a: Skeledirge|0 fnt\n|faint|p1a: Skeledirge\n|\n|-damage|p2a: Garchomp|89/100 brn|[from] brn\n|upkeep\n|\n|t:|1777089128\n|switch|p1a: Lopunny|Lopunny-Mega, L50, F|100/100\n|turn|15\n|\n|t:|1777089137\n|move|p1a: Lopunny|Triple Axel|p2a: Garchomp|[miss]\n|-miss|p1a: Lopunny|p2a: Garchomp\n|move|p2a: Garchomp|Outrage|p1a: Lopunny\n|-damage|p1a: Lopunny|62/100\n|\n|-damage|p2a: Garchomp|83/100 brn|[from] brn\n|upkeep\n|turn|16\n|\n|t:|1777089140\n|move|p1a: Lopunny|Triple Axel|p2a: Garchomp\n|-supereffective|p2a: Garchomp|2\n|-damage|p2a: Garchomp|52/100 brn\n|-damage|p1a: Lopunny|50/100|[from] ability: Rough Skin|[of] p2a: Garchomp\n|-supereffective|p2a: Garchomp|2\n|-damage|p2a: Garchomp|0 fnt\n|-damage|p1a: Lopunny|39/100|[from] ability: Rough Skin|[of] p2a: Garchomp\n|faint|p2a: Garchomp\n|-hitcount|p2: Garchomp|2\n|\n|upkeep\n|\n|t:|1777089144\n|switch|p2a: Corviknight|Corviknight, L50, F|69/100\n|turn|17\n|\n|t:|1777089152\n|move|p1a: Lopunny|High Jump Kick|p2a: Corviknight\n|-damage|p2a: Corviknight|8/100\n|move|p2a: Corviknight|Body Press|p1a: Lopunny\n|-supereffective|p1a: Lopunny|1\n|-damage|p1a: Lopunny|0 fnt\n|faint|p1a: Lopunny\n|\n|win|meteor1101\n|raw|OMP.s08's rating: 1378 &rarr; <strong>1360</strong><br />(-18 for losing)\n|raw|meteor1101's rating: 1415 &rarr; <strong>1433</strong><br />(+18 for winning)\n|l|\u2606OMP.s08\n|player|p1|\n|l|\u2606meteor1101\n|player|p2|\n", "uploadtime": 1777089177, "views": 12, "formatid": "gen9championsbssregma", "rating": 1360, "private": 0, "password": null}