{"id": "gen9championsbssregma-2590895882", "format": "[Gen 9 Champions] BSS Reg M-A", "players": ["toriware", "BBBkty"], "log": "|j|\u2606toriware\n|j|\u2606BBBkty\n|t:|1776859364\n|gametype|singles\n|player|p1|toriware|swimmerf|1101\n|player|p2|BBBkty|266|1201\n|gen|9\n|tier|[Gen 9 Champions] BSS Reg M-A\n|rated|\n|rule|Species Clause: Limit one of each Pok\u00e9mon\n|rule|Item Clause: Limit 1 of each item\n|clearpoke\n|poke|p1|Garchomp, L50, F|\n|poke|p1|Primarina, L50, M|\n|poke|p1|Pelipper, L50, M|\n|poke|p1|Starmie, L50|\n|poke|p1|Lopunny, L50, M|\n|poke|p1|Empoleon, L50, M|\n|poke|p2|Clefable, L50, F, shiny|\n|poke|p2|Charizard, L50, M, shiny|\n|poke|p2|Scizor, L50, M|\n|poke|p2|Espathra, L50, M, shiny|\n|poke|p2|Glimmora, L50, F, shiny|\n|poke|p2|Florges, L50, F|\n|teampreview|3\n|inactive|Battle timer is ON: inactive players will automatically lose when time's up. (requested by toriware)\n|\n|t:|1776859376\n|teamsize|p1|3\n|teamsize|p2|3\n|start\n|switch|p1a: Pelipper|Pelipper, L50, M|100/100\n|switch|p2a: Glimmora|Glimmora, L50, F, shiny|100/100\n|-weather|RainDance|[from] ability: Drizzle|[of] p1a: Pelipper\n|turn|1\n|\n|t:|1776859384\n|switch|p1a: Garchomp|Garchomp, L50, F|100/100\n|move|p2a: Glimmora|Power Gem|p1a: Garchomp\n|-resisted|p1a: Garchomp|1\n|-damage|p1a: Garchomp|75/100\n|\n|-weather|RainDance|[upkeep]\n|-heal|p1a: Garchomp|81/100|[from] item: Leftovers\n|upkeep\n|turn|2\n|\n|t:|1776859393\n|switch|p1a: Starmie|Starmie, L50|100/100\n|move|p2a: Glimmora|Stealth Rock|p1a: Starmie\n|-sidestart|p1: toriware|move: Stealth Rock\n|\n|-weather|RainDance|[upkeep]\n|upkeep\n|turn|3\n|\n|t:|1776859401\n|detailschange|p1a: Starmie|Starmie-Mega, L50\n|-mega|p1a: Starmie|Starmie|Starminite\n|move|p1a: Starmie|Liquidation|p2a: Glimmora\n|-supereffective|p2a: Glimmora|1\n|-enditem|p2a: Glimmora|Focus Sash\n|-damage|p2a: Glimmora|1/100\n|-activate|p2a: Glimmora|ability: Toxic Debris\n|-sidestart|p1: toriware|move: Toxic Spikes\n|move|p2a: Glimmora|Power Gem|p1a: Starmie\n|-damage|p1a: Starmie|48/100\n|\n|-weather|RainDance|[upkeep]\n|upkeep\n|turn|4\n|\n|t:|1776859414\n|move|p1a: Starmie|Liquidation|p2a: Glimmora\n|-supereffective|p2a: Glimmora|1\n|-damage|p2a: Glimmora|0 fnt\n|-activate|p2a: Glimmora|ability: Toxic Debris\n|-sidestart|p1: toriware|move: Toxic Spikes\n|faint|p2a: Glimmora\n|\n|-weather|RainDance|[upkeep]\n|upkeep\n|\n|t:|1776859419\n|switch|p2a: Espathra|Espathra, L50, M, shiny|100/100\n|turn|5\n|\n|t:|1776859426\n|move|p2a: Espathra|Protect|p2a: Espathra\n|-singleturn|p2a: Espathra|Protect\n|move|p1a: Starmie|Aqua Jet|p2a: Espathra\n|-activate|p2a: Espathra|move: Protect\n|\n|-weather|none\n|-ability|p2a: Espathra|Speed Boost|boost\n|-boost|p2a: Espathra|spe|1\n|upkeep\n|turn|6\n|\n|t:|1776859435\n|move|p1a: Starmie|Liquidation|p2a: Espathra\n|-damage|p2a: Espathra|32/100\n|-enditem|p2a: Espathra|Sitrus Berry|[eat]\n|-heal|p2a: Espathra|57/100|[from] item: Sitrus Berry\n|move|p2a: Espathra|Calm Mind|p2a: Espathra\n|-boost|p2a: Espathra|spa|1\n|-boost|p2a: Espathra|spd|1\n|\n|-ability|p2a: Espathra|Speed Boost|boost\n|-boost|p2a: Espathra|spe|1\n|upkeep\n|turn|7\n|\n|t:|1776859446\n|move|p2a: Espathra|Protect|p2a: Espathra\n|-singleturn|p2a: Espathra|Protect\n|move|p1a: Starmie|Liquidation|p2a: Espathra\n|-activate|p2a: Espathra|move: Protect\n|\n|-ability|p2a: Espathra|Speed Boost|boost\n|-boost|p2a: Espathra|spe|1\n|upkeep\n|turn|8\n|\n|t:|1776859457\n|move|p2a: Espathra|Lumina Crash|p1a: Starmie\n|-resisted|p1a: Starmie|1\n|-crit|p1a: Starmie\n|-damage|p1a: Starmie|6/100\n|-unboost|p1a: Starmie|spd|2\n|move|p1a: Starmie|Liquidation|p2a: Espathra\n|-damage|p2a: Espathra|0 fnt\n|faint|p2a: Espathra\n|\n|upkeep\n|\n|t:|1776859462\n|switch|p2a: Clefable|Clefable, L50, F, shiny|100/100\n|turn|9\n|\n|t:|1776859471\n|detailschange|p2a: Clefable|Clefable-Mega, L50, F, shiny\n|-mega|p2a: Clefable|Clefable|Clefablite\n|move|p1a: Starmie|Liquidation|p2a: Clefable\n|-damage|p2a: Clefable|50/100\n|move|p2a: Clefable|Cosmic Power|p2a: Clefable\n|-boost|p2a: Clefable|def|1\n|-boost|p2a: Clefable|spd|1\n|\n|upkeep\n|turn|10\n|\n|t:|1776859480\n|move|p1a: Starmie|Ice Spinner|p2a: Clefable\n|-supereffective|p2a: Clefable|1\n|-damage|p2a: Clefable|6/100\n|move|p2a: Clefable|Moonlight|p2a: Clefable\n|-heal|p2a: Clefable|56/100\n|\n|upkeep\n|turn|11\n|\n|t:|1776859491\n|move|p1a: Starmie|Ice Spinner|p2a: Clefable\n|-supereffective|p2a: Clefable|1\n|-damage|p2a: Clefable|15/100\n|move|p2a: Clefable|Moonlight|p2a: Clefable\n|-heal|p2a: Clefable|65/100\n|\n|upkeep\n|turn|12\n|\n|t:|1776859501\n|move|p1a: Starmie|Liquidation|p2a: Clefable\n|-damage|p2a: Clefable|33/100\n|-unboost|p2a: Clefable|def|1\n|move|p2a: Clefable|Cosmic Power|p2a: Clefable\n|-boost|p2a: Clefable|def|1\n|-boost|p2a: Clefable|spd|1\n|\n|upkeep\n|turn|13\n|\n|t:|1776859509\n|move|p1a: Starmie|Ice Spinner|p2a: Clefable\n|-supereffective|p2a: Clefable|1\n|-damage|p2a: Clefable|0 fnt\n|faint|p2a: Clefable\n|\n|win|toriware\n|raw|toriware's rating: 1101 &rarr; <strong>1133</strong><br />(+32 for winning)\n|raw|BBBkty's rating: 1201 &rarr; <strong>1169</strong><br />(-32 for losing)\n", "uploadtime": 1776859513, "views": 2, "formatid": "gen9championsbssregma", "rating": 1133, "private": 0, "password": null}