{"id": "gen9championsbssregma-2589874353", "format": "[Gen 9 Champions] BSS Reg M-A", "players": ["Keyan_Sans", "Wellez"], "log": "|j|\u2606Keyan_Sans\n|j|\u2606Wellez\n|t:|1776769643\n|gametype|singles\n|player|p1|Keyan_Sans|hugh|1395\n|player|p2|Wellez|hoopster|1416\n|gen|9\n|tier|[Gen 9 Champions] BSS Reg M-A\n|rated|\n|rule|Species Clause: Limit one of each Pok\u00e9mon\n|rule|Item Clause: Limit 1 of each item\n|clearpoke\n|poke|p1|Gyarados, L50, F|\n|poke|p1|Aegislash, L50, F|\n|poke|p1|Garchomp, L50, F|\n|poke|p1|Meowscarada, L50, M|\n|poke|p1|Gengar, L50, F|\n|poke|p1|Primarina, L50, M|\n|poke|p2|Gengar, L50, F|\n|poke|p2|Garganacl, L50, M|\n|poke|p2|Umbreon, L50, M|\n|poke|p2|Garchomp, L50, M|\n|poke|p2|Hydrapple, L50, F|\n|poke|p2|Alakazam, L50, M|\n|teampreview|3\n|inactive|Battle timer is ON: inactive players will automatically lose when time's up. (requested by Keyan_Sans)\n|inactive|Wellez also wants the timer to be on.\n|\n|t:|1776769668\n|teamsize|p1|3\n|teamsize|p2|3\n|start\n|switch|p1a: Meowscarada|Meowscarada, L50, M|100/100\n|switch|p2a: Gengar|Gengar, L50, F|100/100\n|turn|1\n|\n|t:|1776769676\n|detailschange|p2a: Gengar|Gengar-Mega, L50, F\n|-mega|p2a: Gengar|Gengar|Gengarite\n|move|p2a: Gengar|Protect|p2a: Gengar\n|-singleturn|p2a: Gengar|Protect\n|move|p1a: Meowscarada|Knock Off|p2a: Gengar\n|-start|p1a: Meowscarada|typechange|Dark|[from] ability: Protean\n|-activate|p2a: Gengar|move: Protect\n|\n|upkeep\n|turn|2\n|\n|t:|1776769688\n|switch|p2a: Umbreon|Umbreon, L50, M|100/100\n|move|p1a: Meowscarada|Knock Off|p2a: Umbreon\n|-resisted|p2a: Umbreon|1\n|-damage|p2a: Umbreon|87/100\n|-enditem|p2a: Umbreon|Leftovers|[from] move: Knock Off|[of] p1a: Meowscarada\n|\n|upkeep\n|turn|3\n|\n|t:|1776769703\n|switch|p1a: Primarina|Primarina, L50, M|100/100\n|move|p2a: Umbreon|Foul Play|p1a: Primarina\n|-resisted|p1a: Primarina|1\n|-damage|p1a: Primarina|90/100\n|\n|-heal|p1a: Primarina|96/100|[from] item: Leftovers\n|upkeep\n|turn|4\n|\n|t:|1776769712\n|switch|p2a: Gengar|Gengar-Mega, L50, F|100/100\n|move|p1a: Primarina|Calm Mind|p1a: Primarina\n|-boost|p1a: Primarina|spa|1\n|-boost|p1a: Primarina|spd|1\n|\n|-heal|p1a: Primarina|100/100|[from] item: Leftovers\n|upkeep\n|turn|5\n|\n|t:|1776769720\n|move|p2a: Gengar|Sludge Wave|p1a: Primarina\n|-supereffective|p1a: Primarina|1\n|-damage|p1a: Primarina|43/100\n|move|p1a: Primarina|Psychic|p2a: Gengar\n|-supereffective|p2a: Gengar|1\n|-damage|p2a: Gengar|8/100\n|\n|-heal|p1a: Primarina|49/100|[from] item: Leftovers\n|upkeep\n|turn|6\n|\n|t:|1776769729\n|move|p2a: Gengar|Protect|p2a: Gengar\n|-singleturn|p2a: Gengar|Protect\n|move|p1a: Primarina|Draining Kiss|p2a: Gengar\n|-activate|p2a: Gengar|move: Protect\n|\n|-heal|p1a: Primarina|55/100|[from] item: Leftovers\n|upkeep\n|turn|7\n|\n|t:|1776769734\n|move|p2a: Gengar|Sludge Wave|p1a: Primarina\n|-supereffective|p1a: Primarina|1\n|-damage|p1a: Primarina|0 fnt\n|faint|p1a: Primarina\n|\n|upkeep\n|\n|t:|1776769737\n|switch|p1a: Meowscarada|Meowscarada, L50, M|100/100\n|turn|8\n|\n|t:|1776769740\n|move|p2a: Gengar|Protect|p2a: Gengar\n|-singleturn|p2a: Gengar|Protect\n|move|p1a: Meowscarada|U-turn|p2a: Gengar\n|-start|p1a: Meowscarada|typechange|Bug|[from] ability: Protean\n|-activate|p2a: Gengar|move: Protect\n|\n|upkeep\n|turn|9\n|\n|t:|1776769749\n|switch|p2a: Garganacl|Garganacl, L50, M|100/100\n|move|p1a: Meowscarada|U-turn|p2a: Garganacl\n|-damage|p2a: Garganacl|77/100\n|\n|t:|1776769751\n|switch|p1a: Gyarados|Gyarados, L50, F|100/100|[from] U-turn\n|-ability|p1a: Gyarados|Intimidate|boost\n|-unboost|p2a: Garganacl|atk|1\n|\n|upkeep\n|turn|10\n|\n|t:|1776769758\n|detailschange|p1a: Gyarados|Gyarados-Mega, L50, F\n|-mega|p1a: Gyarados|Gyarados|Gyaradosite\n|-ability|p1a: Gyarados|Mold Breaker\n|move|p1a: Gyarados|Dragon Dance|p1a: Gyarados\n|-boost|p1a: Gyarados|atk|1\n|-boost|p1a: Gyarados|spe|1\n|move|p2a: Garganacl|Salt Cure|p1a: Gyarados\n|-damage|p1a: Gyarados|92/100\n|-start|p1a: Gyarados|Salt Cure\n|\n|-damage|p1a: Gyarados|79/100|[from] Salt Cure\n|upkeep\n|turn|11\n|\n|t:|1776769769\n|switch|p2a: Umbreon|Umbreon, L50, M|87/100\n|move|p1a: Gyarados|Waterfall|p2a: Umbreon\n|-damage|p2a: Umbreon|42/100\n|\n|-damage|p1a: Gyarados|67/100|[from] Salt Cure\n|upkeep\n|turn|12\n|inactive|Wellez has 30 seconds left.\n|\n|t:|1776769802\n|move|p1a: Gyarados|Waterfall|p2a: Umbreon\n|-damage|p2a: Umbreon|1/100\n|move|p2a: Umbreon|Wish|p2a: Umbreon\n|\n|-damage|p1a: Gyarados|55/100|[from] Salt Cure\n|upkeep\n|turn|13\n|\n|t:|1776769810\n|switch|p1a: Meowscarada|Meowscarada, L50, M|100/100\n|move|p2a: Umbreon|Protect||[still]\n|-fail|p2a: Umbreon\n|\n|-heal|p2a: Umbreon|51/100|[from] move: Wish|[wisher] Umbreon\n|upkeep\n|turn|14\n|\n|t:|1776769827\n|move|p2a: Umbreon|Protect|p2a: Umbreon\n|-singleturn|p2a: Umbreon|Protect\n|move|p1a: Meowscarada|U-turn|p2a: Umbreon\n|-start|p1a: Meowscarada|typechange|Bug|[from] ability: Protean\n|-activate|p2a: Umbreon|move: Protect\n|\n|upkeep\n|turn|15\n|\n|t:|1776769832\n|switch|p2a: Garganacl|Garganacl, L50, M|77/100\n|move|p1a: Meowscarada|U-turn|p2a: Garganacl\n|-damage|p2a: Garganacl|55/100\n|\n|t:|1776769839\n|switch|p1a: Gyarados|Gyarados-Mega, L50, F|55/100|[from] U-turn\n|-ability|p1a: Gyarados|Mold Breaker\n|\n|upkeep\n|turn|16\n|\n|t:|1776769845\n|move|p1a: Gyarados|Dragon Dance|p1a: Gyarados\n|-boost|p1a: Gyarados|atk|1\n|-boost|p1a: Gyarados|spe|1\n|move|p2a: Garganacl|Iron Defense|p2a: Garganacl\n|-boost|p2a: Garganacl|def|2\n|\n|upkeep\n|turn|17\n|\n|t:|1776769851\n|move|p1a: Gyarados|Waterfall|p2a: Garganacl\n|-supereffective|p2a: Garganacl|1\n|-damage|p2a: Garganacl|9/100\n|-enditem|p2a: Garganacl|Sitrus Berry|[eat]\n|-heal|p2a: Garganacl|33/100|[from] item: Sitrus Berry\n|move|p2a: Garganacl|Iron Defense|p2a: Garganacl\n|-boost|p2a: Garganacl|def|2\n|\n|upkeep\n|turn|18\n|\n|t:|1776769856\n|move|p1a: Gyarados|Waterfall|p2a: Garganacl\n|-supereffective|p2a: Garganacl|1\n|-damage|p2a: Garganacl|0 fnt\n|faint|p2a: Garganacl\n|\n|upkeep\n|\n|t:|1776769859\n|switch|p2a: Umbreon|Umbreon, L50, M|51/100\n|turn|19\n|\n|t:|1776769865\n|move|p1a: Gyarados|Waterfall|p2a: Umbreon\n|-damage|p2a: Umbreon|11/100\n|move|p2a: Umbreon|Toxic|p1a: Gyarados\n|-status|p1a: Gyarados|tox\n|\n|-damage|p1a: Gyarados|49/100 tox|[from] psn\n|upkeep\n|turn|20\n|j| lv36\n|\n|t:|1776769875\n|move|p2a: Umbreon|Protect|p2a: Umbreon\n|-singleturn|p2a: Umbreon|Protect\n|move|p1a: Gyarados|Waterfall|p2a: Umbreon\n|-activate|p2a: Umbreon|move: Protect\n|\n|-damage|p1a: Gyarados|37/100 tox|[from] psn\n|upkeep\n|turn|21\n|\n|t:|1776769882\n|move|p2a: Umbreon|Protect||[still]\n|-fail|p2a: Umbreon\n|move|p1a: Gyarados|Waterfall|p2a: Umbreon\n|-damage|p2a: Umbreon|0 fnt\n|faint|p2a: Umbreon\n|\n|-damage|p1a: Gyarados|20/100 tox|[from] psn\n|upkeep\n|\n|t:|1776769884\n|switch|p2a: Gengar|Gengar-Mega, L50, F|8/100\n|turn|22\n|\n|t:|1776769886\n|move|p2a: Gengar|Protect|p2a: Gengar\n|-singleturn|p2a: Gengar|Protect\n|move|p1a: Gyarados|Waterfall|p2a: Gengar\n|-activate|p2a: Gengar|move: Protect\n|\n|-damage|p1a: Gyarados|0 fnt|[from] psn\n|faint|p1a: Gyarados\n|upkeep\n|c|\u2606Keyan_Sans|Gg\n|\n|t:|1776769890\n|switch|p1a: Meowscarada|Meowscarada, L50, M|100/100\n|turn|23\n|\n|t:|1776769893\n|move|p1a: Meowscarada|Knock Off|p2a: Gengar\n|-start|p1a: Meowscarada|typechange|Dark|[from] ability: Protean\n|-supereffective|p2a: Gengar|1\n|-damage|p2a: Gengar|0 fnt\n|faint|p2a: Gengar\n|\n|win|Keyan_Sans\n|raw|Keyan_Sans's rating: 1395 &rarr; <strong>1416</strong><br />(+21 for winning)\n|raw|Wellez's rating: 1416 &rarr; <strong>1395</strong><br />(-21 for losing)\n", "uploadtime": 1776769897, "views": 11, "formatid": "gen9championsbssregma", "rating": 1395, "private": 0, "password": null}