{"id": "gen9championsbssregma-2589721928", "format": "[Gen 9 Champions] BSS Reg M-A", "players": ["KevMev", "outsidetoday"], "log": "|j|\u2606KevMev\n|j|\u2606outsidetoday\n|t:|1776751828\n|gametype|singles\n|player|p1|KevMev|waiter-gen4|1304\n|player|p2|outsidetoday|roughneck|1356\n|gen|9\n|tier|[Gen 9 Champions] BSS Reg M-A\n|rated|\n|rule|Species Clause: Limit one of each Pok\u00e9mon\n|rule|Item Clause: Limit 1 of each item\n|clearpoke\n|poke|p1|Floette-Eternal, L50, F|\n|poke|p1|Archaludon, L50, M, shiny|\n|poke|p1|Gyarados, L50, F, shiny|\n|poke|p1|Mimikyu, L50, M|\n|poke|p1|Hydreigon, L50, F|\n|poke|p1|Sneasler, L50, M, shiny|\n|poke|p2|Garchomp, L50, M, shiny|\n|poke|p2|Primarina, L50, F, shiny|\n|poke|p2|Corviknight, L50, M, shiny|\n|poke|p2|Delphox, L50, M, shiny|\n|poke|p2|Meowscarada, L50, F, shiny|\n|poke|p2|Scizor, L50, M, shiny|\n|teampreview|3\n|inactive|Battle timer is ON: inactive players will automatically lose when time's up. (requested by outsidetoday)\n|inactive|KevMev has 60 seconds left.\n|\n|t:|1776751866\n|teamsize|p1|3\n|teamsize|p2|3\n|start\n|switch|p1a: Archaludon|Archaludon, L50, M, shiny|100/100\n|switch|p2a: Scizor|Scizor, L50, M, shiny|100/100\n|turn|1\n|\n|t:|1776751873\n|switch|p1a: Gyarados|Gyarados, L50, F, shiny|100/100\n|-ability|p1a: Gyarados|Intimidate|boost\n|-unboost|p2a: Scizor|atk|1\n|detailschange|p2a: Scizor|Scizor-Mega, L50, M, shiny\n|-mega|p2a: Scizor|Scizor|Scizorite\n|move|p2a: Scizor|Swords Dance|p2a: Scizor\n|-boost|p2a: Scizor|atk|2\n|\n|upkeep\n|turn|2\n|\n|t:|1776751895\n|move|p1a: Gyarados|Taunt|p2a: Scizor\n|-start|p2a: Scizor|move: Taunt\n|move|p2a: Scizor|Close Combat|p1a: Gyarados\n|-resisted|p1a: Gyarados|1\n|-damage|p1a: Gyarados|48/100\n|-unboost|p2a: Scizor|def|1\n|-unboost|p2a: Scizor|spd|1\n|\n|upkeep\n|turn|3\n|\n|t:|1776751912\n|detailschange|p1a: Gyarados|Gyarados-Mega, L50, F, shiny\n|-mega|p1a: Gyarados|Gyarados|Gyaradosite\n|-ability|p1a: Gyarados|Mold Breaker\n|move|p1a: Gyarados|Waterfall|p2a: Scizor\n|-damage|p2a: Scizor|46/100\n|move|p2a: Scizor|Close Combat|p1a: Gyarados\n|-supereffective|p1a: Gyarados|1\n|-damage|p1a: Gyarados|0 fnt\n|-unboost|p2a: Scizor|def|1\n|-unboost|p2a: Scizor|spd|1\n|faint|p1a: Gyarados\n|\n|upkeep\n|\n|t:|1776751927\n|switch|p1a: Archaludon|Archaludon, L50, M, shiny|100/100\n|turn|4\n|inactive|outsidetoday has 30 seconds left.\n|\n|t:|1776751956\n|switch|p2a: Garchomp|Garchomp, L50, M, shiny|100/100\n|move|p1a: Archaludon|Thunderbolt|p2a: Garchomp\n|-immune|p2a: Garchomp\n|\n|upkeep\n|turn|5\n|\n|t:|1776751969\n|switch|p1a: Hydreigon|Hydreigon, L50, F|100/100\n|move|p2a: Garchomp|Earthquake|p1a: Hydreigon\n|-immune|p1a: Hydreigon|[from] ability: Levitate\n|\n|upkeep\n|turn|6\n|\n|t:|1776751976\n|move|p1a: Hydreigon|Draco Meteor|p2a: Garchomp\n|-supereffective|p2a: Garchomp|1\n|-enditem|p2a: Garchomp|Focus Sash\n|-damage|p2a: Garchomp|1/100\n|-unboost|p1a: Hydreigon|spa|2\n|move|p2a: Garchomp|Outrage|p1a: Hydreigon\n|-supereffective|p1a: Hydreigon|1\n|-damage|p1a: Hydreigon|0 fnt\n|faint|p1a: Hydreigon\n|\n|upkeep\n|\n|t:|1776751979\n|switch|p1a: Archaludon|Archaludon, L50, M, shiny|100/100\n|turn|7\n|\n|t:|1776751987\n|move|p2a: Garchomp|Outrage|p1a: Archaludon|[from] lockedmove\n|-damage|p1a: Archaludon|50/100\n|-start|p2a: Garchomp|confusion|[fatigue]\n|move|p1a: Archaludon|Flash Cannon|p2a: Garchomp\n|-damage|p2a: Garchomp|0 fnt\n|faint|p2a: Garchomp\n|\n|-heal|p1a: Archaludon|56/100|[from] item: Leftovers\n|upkeep\n|\n|t:|1776751997\n|switch|p2a: Scizor|Scizor-Mega, L50, M, shiny|46/100\n|turn|8\n|inactive|KevMev has 30 seconds left.\n|inactive|KevMev has 20 seconds left.\n|\n|t:|1776752036\n|move|p1a: Archaludon|Thunderbolt|p2a: Scizor\n|-damage|p2a: Scizor|13/100\n|move|p2a: Scizor|Close Combat|p1a: Archaludon\n|-supereffective|p1a: Archaludon|1\n|-damage|p1a: Archaludon|0 fnt\n|-unboost|p2a: Scizor|def|1\n|-unboost|p2a: Scizor|spd|1\n|faint|p1a: Archaludon\n|\n|win|outsidetoday\n|raw|KevMev's rating: 1304 &rarr; <strong>1287</strong><br />(-17 for losing)\n|raw|outsidetoday's rating: 1356 &rarr; <strong>1373</strong><br />(+17 for winning)\n|l|\u2606outsidetoday\n|player|p2|\n", "uploadtime": 1776752128, "views": 0, "formatid": "gen9championsbssregma", "rating": 1287, "private": 0, "password": null}