{"id": "gen9championsbssregma-2593004557", "format": "[Gen 9 Champions] BSS Reg M-A", "players": ["kalzero_0928", "Therealbluefedora"], "log": "|j|\u2606kalzero_0928\n|j|\u2606Therealbluefedora\n|t:|1777046332\n|gametype|singles\n|player|p1|kalzero_0928|101|1522\n|player|p2|Therealbluefedora|saturn|1389\n|gen|9\n|tier|[Gen 9 Champions] BSS Reg M-A\n|rated|\n|rule|Species Clause: Limit one of each Pok\u00e9mon\n|rule|Item Clause: Limit 1 of each item\n|clearpoke\n|poke|p1|Dragonite, L50, M|\n|poke|p1|Aegislash, L50, F|\n|poke|p1|Hippowdon, L50, F|\n|poke|p1|Glimmora, L50, M|\n|poke|p1|Floette-Eternal, L50, F|\n|poke|p1|Meowscarada, L50, M|\n|poke|p2|Lopunny, L50, M|\n|poke|p2|Aegislash, L50, F|\n|poke|p2|Primarina, L50, M|\n|poke|p2|Garchomp, L50, F|\n|poke|p2|Charizard, L50, M|\n|poke|p2|Ceruledge, L50, M|\n|teampreview|3\n|inactive|Battle timer is ON: inactive players will automatically lose when time's up. (requested by Therealbluefedora)\n|\n|t:|1777046358\n|teamsize|p1|3\n|teamsize|p2|3\n|start\n|switch|p1a: Meowscarada|Meowscarada, L50, M|100/100\n|switch|p2a: Primarina|Primarina, L50, M|100/100\n|turn|1\n|\n|t:|1777046371\n|move|p1a: Meowscarada|Toxic Spikes|p2a: Primarina\n|-start|p1a: Meowscarada|typechange|Poison|[from] ability: Protean\n|-sidestart|p2: Therealbluefedora|move: Toxic Spikes\n|move|p2a: Primarina|Moonblast|p1a: Meowscarada\n|-resisted|p1a: Meowscarada|1\n|-damage|p1a: Meowscarada|68/100\n|\n|upkeep\n|turn|2\n|\n|t:|1777046378\n|switch|p1a: Aegislash|Aegislash, L50, F|100/100\n|move|p2a: Primarina|Sparkling Aria|p1a: Aegislash\n|-damage|p1a: Aegislash|70/100\n|\n|-heal|p1a: Aegislash|76/100|[from] item: Leftovers\n|upkeep\n|turn|3\n|\n|t:|1777046385\n|move|p1a: Aegislash|King's Shield|p1a: Aegislash\n|-singleturn|p1a: Aegislash|Protect\n|move|p2a: Primarina|Sparkling Aria|p1a: Aegislash\n|-activate|p1a: Aegislash|move: Protect\n|\n|-heal|p1a: Aegislash|82/100|[from] item: Leftovers\n|upkeep\n|turn|4\n|\n|t:|1777046392\n|move|p2a: Primarina|Encore|p1a: Aegislash\n|-start|p1a: Aegislash|Encore\n|move|p1a: Aegislash|King's Shield||[still]\n|-fail|p1a: Aegislash\n|\n|-heal|p1a: Aegislash|88/100|[from] item: Leftovers\n|upkeep\n|turn|5\n|\n|t:|1777046404\n|switch|p1a: Dragonite|Dragonite, L50, M|100/100\n|move|p2a: Primarina|Moonblast|p1a: Dragonite\n|-supereffective|p1a: Dragonite|1\n|-damage|p1a: Dragonite|54/100\n|\n|upkeep\n|turn|6\n|\n|t:|1777046410\n|detailschange|p1a: Dragonite|Dragonite-Mega, L50, M\n|-mega|p1a: Dragonite|Dragonite|Dragoninite\n|move|p1a: Dragonite|Roost|p1a: Dragonite\n|-heal|p1a: Dragonite|100/100\n|-singleturn|p1a: Dragonite|move: Roost\n|move|p2a: Primarina|Moonblast|p1a: Dragonite\n|-supereffective|p1a: Dragonite|1\n|-damage|p1a: Dragonite|60/100\n|\n|upkeep\n|turn|7\n|\n|t:|1777046420\n|switch|p1a: Aegislash|Aegislash, L50, F|88/100\n|move|p2a: Primarina|Moonblast|p1a: Aegislash\n|-resisted|p1a: Aegislash|1\n|-damage|p1a: Aegislash|72/100\n|\n|-heal|p1a: Aegislash|78/100|[from] item: Leftovers\n|upkeep\n|turn|8\n|\n|t:|1777046429\n|move|p2a: Primarina|Sparkling Aria|p1a: Aegislash\n|-damage|p1a: Aegislash|47/100\n|-formechange|p1a: Aegislash|Aegislash-Blade|\n|move|p1a: Aegislash|Shadow Ball|p2a: Primarina\n|-damage|p2a: Primarina|70/100\n|-unboost|p2a: Primarina|spd|1\n|\n|-heal|p1a: Aegislash|53/100|[from] item: Leftovers\n|upkeep\n|turn|9\n|\n|t:|1777046438\n|-formechange|p1a: Aegislash|Aegislash|\n|move|p1a: Aegislash|King's Shield|p1a: Aegislash\n|-singleturn|p1a: Aegislash|Protect\n|move|p2a: Primarina|Encore|p1a: Aegislash\n|-start|p1a: Aegislash|Encore\n|\n|-heal|p1a: Aegislash|59/100|[from] item: Leftovers\n|upkeep\n|turn|10\n|\n|t:|1777046448\n|switch|p1a: Meowscarada|Meowscarada, L50, M|68/100\n|move|p2a: Primarina|Sparkling Aria|p1a: Meowscarada\n|-resisted|p1a: Meowscarada|1\n|-damage|p1a: Meowscarada|35/100\n|\n|upkeep\n|turn|11\n|\n|t:|1777046454\n|move|p1a: Meowscarada|Trick|p2a: Primarina\n|-start|p1a: Meowscarada|typechange|Psychic|[from] ability: Protean\n|-activate|p1a: Meowscarada|move: Trick|[of] p2a: Primarina\n|-item|p2a: Primarina|Choice Scarf|[from] move: Trick\n|-item|p1a: Meowscarada|Sitrus Berry|[from] move: Trick\n|-enditem|p1a: Meowscarada|Sitrus Berry|[eat]\n|-heal|p1a: Meowscarada|60/100|[from] item: Sitrus Berry\n|move|p2a: Primarina|Moonblast|p1a: Meowscarada\n|-damage|p1a: Meowscarada|0 fnt\n|faint|p1a: Meowscarada\n|\n|upkeep\n|\n|t:|1777046457\n|switch|p1a: Aegislash|Aegislash, L50, F|59/100\n|turn|12\n|\n|t:|1777046473\n|switch|p2a: Ceruledge|Ceruledge, L50, M|100/100\n|-status|p2a: Ceruledge|psn\n|move|p1a: Aegislash|King's Shield||[still]\n|-fail|p1a: Aegislash\n|\n|-heal|p1a: Aegislash|65/100|[from] item: Leftovers\n|-damage|p2a: Ceruledge|88/100 psn|[from] psn\n|upkeep\n|turn|13\n|\n|t:|1777046483\n|switch|p1a: Dragonite|Dragonite-Mega, L50, M|60/100\n|move|p2a: Ceruledge|Swords Dance|p2a: Ceruledge\n|-boost|p2a: Ceruledge|atk|2\n|\n|-damage|p2a: Ceruledge|76/100 psn|[from] psn\n|upkeep\n|turn|14\n|\n|t:|1777046491\n|move|p2a: Ceruledge|Shadow Sneak|p1a: Dragonite\n|-damage|p1a: Dragonite|29/100\n|move|p1a: Dragonite|Roost|p1a: Dragonite\n|-heal|p1a: Dragonite|79/100\n|-singleturn|p1a: Dragonite|move: Roost\n|\n|-damage|p2a: Ceruledge|64/100 psn|[from] psn\n|upkeep\n|turn|15\n|\n|t:|1777046500\n|move|p1a: Dragonite|Roost|p1a: Dragonite\n|-heal|p1a: Dragonite|100/100\n|-singleturn|p1a: Dragonite|move: Roost\n|move|p2a: Ceruledge|Swords Dance|p2a: Ceruledge\n|-boost|p2a: Ceruledge|atk|2\n|\n|-damage|p2a: Ceruledge|52/100 psn|[from] psn\n|upkeep\n|turn|16\n|\n|t:|1777046510\n|move|p1a: Dragonite|Substitute|p1a: Dragonite\n|-start|p1a: Dragonite|Substitute\n|-damage|p1a: Dragonite|76/100\n|move|p2a: Ceruledge|Bitter Blade|p1a: Dragonite\n|-resisted|p1a: Dragonite|1\n|-end|p1a: Dragonite|Substitute\n|-heal|p2a: Ceruledge|66/100 psn|[from] drain|[of] p1a: Dragonite\n|\n|-damage|p2a: Ceruledge|54/100 psn|[from] psn\n|upkeep\n|turn|17\n|\n|t:|1777046521\n|move|p1a: Dragonite|Air Slash|p2a: Ceruledge\n|-damage|p2a: Ceruledge|21/100 psn\n|cant|p2a: Ceruledge|flinch\n|\n|-damage|p2a: Ceruledge|9/100 psn|[from] psn\n|upkeep\n|turn|18\n|\n|t:|1777046528\n|move|p2a: Ceruledge|Shadow Sneak|p1a: Dragonite\n|-damage|p1a: Dragonite|30/100\n|move|p1a: Dragonite|Roost|p1a: Dragonite\n|-heal|p1a: Dragonite|80/100\n|-singleturn|p1a: Dragonite|move: Roost\n|\n|-damage|p2a: Ceruledge|0 fnt|[from] psn\n|faint|p2a: Ceruledge\n|upkeep\n|\n|t:|1777046536\n|switch|p2a: Charizard|Charizard, L50, M|100/100\n|turn|19\n|\n|t:|1777046542\n|detailschange|p2a: Charizard|Charizard-Mega-Y, L50, M\n|-mega|p2a: Charizard|Charizard|Charizardite Y\n|-weather|SunnyDay|[from] ability: Drought|[of] p2a: Charizard\n|move|p2a: Charizard|Air Slash|p1a: Dragonite\n|-damage|p1a: Dragonite|42/100\n|move|p1a: Dragonite|Air Slash|p2a: Charizard\n|-damage|p2a: Charizard|65/100\n|\n|-weather|SunnyDay|[upkeep]\n|upkeep\n|turn|20\n|\n|t:|1777046550\n|move|p2a: Charizard|Air Slash|p1a: Dragonite\n|-damage|p1a: Dragonite|9/100\n|move|p1a: Dragonite|Roost|p1a: Dragonite\n|-heal|p1a: Dragonite|59/100\n|-singleturn|p1a: Dragonite|move: Roost\n|\n|-weather|SunnyDay|[upkeep]\n|upkeep\n|turn|21\n|\n|t:|1777046558\n|move|p2a: Charizard|Air Slash|p1a: Dragonite\n|-damage|p1a: Dragonite|24/100\n|move|p1a: Dragonite|Roost|p1a: Dragonite\n|-heal|p1a: Dragonite|74/100\n|-singleturn|p1a: Dragonite|move: Roost\n|\n|-weather|SunnyDay|[upkeep]\n|upkeep\n|turn|22\n|\n|t:|1777046565\n|move|p2a: Charizard|Air Slash|p1a: Dragonite\n|-damage|p1a: Dragonite|37/100\n|cant|p1a: Dragonite|flinch\n|\n|-weather|SunnyDay|[upkeep]\n|upkeep\n|turn|23\n|\n|t:|1777046570\n|switch|p1a: Aegislash|Aegislash, L50, F|65/100\n|move|p2a: Charizard|Air Slash|p1a: Aegislash\n|-resisted|p1a: Aegislash|1\n|-damage|p1a: Aegislash|52/100\n|\n|-weather|none\n|-heal|p1a: Aegislash|58/100|[from] item: Leftovers\n|upkeep\n|turn|24\n|\n|t:|1777046581\n|move|p2a: Charizard|Flamethrower|p1a: Aegislash\n|-supereffective|p1a: Aegislash|1\n|-damage|p1a: Aegislash|0 fnt\n|faint|p1a: Aegislash\n|\n|upkeep\n|-message|kalzero_0928 forfeited.\n|\n|win|Therealbluefedora\n|raw|kalzero_0928's rating: 1522 &rarr; <strong>1495</strong><br />(-27 for losing)\n|raw|Therealbluefedora's rating: 1389 &rarr; <strong>1416</strong><br />(+27 for winning)\n|l|\u2606kalzero_0928\n|player|p1|\n", "uploadtime": 1777046589, "views": 10, "formatid": "gen9championsbssregma", "rating": 1416, "private": 0, "password": null}