{"id": "gen9championsbssregma-2590017422", "format": "[Gen 9 Champions] BSS Reg M-A", "players": ["Capidaxter", "mrwallacerbes"], "log": "|j|\u2606Capidaxter\n|j|\u2606mrwallacerbes\n|t:|1776781553\n|gametype|singles\n|player|p1|Capidaxter|morty|1311\n|player|p2|mrwallacerbes|266|1380\n|gen|9\n|tier|[Gen 9 Champions] BSS Reg M-A\n|rated|\n|rule|Species Clause: Limit one of each Pok\u00e9mon\n|rule|Item Clause: Limit 1 of each item\n|clearpoke\n|poke|p1|Basculegion, L50, M, shiny|\n|poke|p1|Garchomp, L50, M|\n|poke|p1|Sneasler, L50, F|\n|poke|p1|Meganium, L50, F|\n|poke|p1|Volcarona, L50, M, shiny|\n|poke|p1|Corviknight, L50, F|\n|poke|p2|Primarina, L50, M|\n|poke|p2|Garchomp, L50, M|\n|poke|p2|Dragonite, L50, F|\n|poke|p2|Sneasler, L50, M|\n|poke|p2|Corviknight, L50, F|\n|poke|p2|Umbreon, L50, F|\n|teampreview|3\n|inactive|Battle timer is ON: inactive players will automatically lose when time's up. (requested by mrwallacerbes)\n|\n|t:|1776781606\n|teamsize|p1|3\n|teamsize|p2|3\n|start\n|switch|p1a: Garchomp|Garchomp, L50, M|100/100\n|switch|p2a: Primarina|Primarina, L50, M|100/100\n|turn|1\n|\n|t:|1776781611\n|move|p1a: Garchomp|Stealth Rock|p2a: Primarina\n|-sidestart|p2: mrwallacerbes|move: Stealth Rock\n|move|p2a: Primarina|Moonblast|p1a: Garchomp\n|-supereffective|p1a: Garchomp|1\n|-damage|p1a: Garchomp|30/100\n|\n|upkeep\n|turn|2\n|\n|t:|1776781618\n|switch|p1a: Meganium|Meganium, L50, F|100/100\n|move|p2a: Primarina|Moonblast|p1a: Meganium\n|-damage|p1a: Meganium|62/100\n|\n|upkeep\n|turn|3\n|\n|t:|1776781637\n|switch|p2a: Dragonite|Dragonite, L50, F|100/100\n|-damage|p2a: Dragonite|75/100|[from] Stealth Rock\n|detailschange|p1a: Meganium|Meganium-Mega, L50, F\n|-mega|p1a: Meganium|Meganium|Meganiumite\n|move|p1a: Meganium|Synthesis|p1a: Meganium\n|-activate|p1a: Meganium|ability: Mega Sol\n|-heal|p1a: Meganium|100/100\n|\n|upkeep\n|turn|4\n|\n|t:|1776781654\n|detailschange|p2a: Dragonite|Dragonite-Mega, L50, F\n|-mega|p2a: Dragonite|Dragonite|Dragoninite\n|move|p2a: Dragonite|Hurricane|p1a: Meganium\n|-supereffective|p1a: Meganium|1\n|-damage|p1a: Meganium|0 fnt\n|faint|p1a: Meganium\n|\n|upkeep\n|\n|t:|1776781658\n|switch|p1a: Garchomp|Garchomp, L50, M|30/100\n|turn|5\n|\n|t:|1776781665\n|move|p2a: Dragonite|Ice Beam|p1a: Garchomp\n|-supereffective|p1a: Garchomp|2\n|-enditem|p1a: Garchomp|Yache Berry|[eat]\n|-enditem|p1a: Garchomp|Yache Berry|[weaken]\n|-damage|p1a: Garchomp|0 fnt\n|faint|p1a: Garchomp\n|\n|upkeep\n|\n|t:|1776781667\n|switch|p1a: Corviknight|Corviknight, L50, F|100/100\n|-ability|p1a: Corviknight|Pressure\n|turn|6\n|\n|t:|1776781677\n|move|p2a: Dragonite|Thunderbolt|p1a: Corviknight\n|-supereffective|p1a: Corviknight|1\n|-damage|p1a: Corviknight|40/100\n|move|p1a: Corviknight|Brave Bird|p2a: Dragonite\n|-damage|p2a: Dragonite|38/100\n|-damage|p1a: Corviknight|30/100|[from] Recoil\n|\n|-heal|p1a: Corviknight|36/100|[from] item: Leftovers\n|upkeep\n|turn|7\n|-message|Capidaxter forfeited.\n|\n|win|mrwallacerbes\n|raw|Capidaxter's rating: 1311 &rarr; <strong>1295</strong><br />(-16 for losing)\n|raw|mrwallacerbes's rating: 1380 &rarr; <strong>1396</strong><br />(+16 for winning)\n|l|\u2606Capidaxter\n|player|p1|\n|l|\u2606mrwallacerbes\n|player|p2|\n", "uploadtime": 1776781690, "views": 13, "formatid": "gen9championsbssregma", "rating": 1295, "private": 0, "password": null}