{"id": "gen9championsbssregma-2589634406", "format": "[Gen 9 Champions] BSS Reg M-A", "players": ["lligand", "2026412myyzzz"], "log": "|j|\u2606lligand\n|j|\u26062026412myyzzz\n|t:|1776741385\n|gametype|singles\n|player|p1|lligand|2|1382\n|player|p2|2026412myyzzz|2|1433\n|gen|9\n|tier|[Gen 9 Champions] BSS Reg M-A\n|rated|\n|rule|Species Clause: Limit one of each Pok\u00e9mon\n|rule|Item Clause: Limit 1 of each item\n|clearpoke\n|poke|p1|Dragapult, L50, M|\n|poke|p1|Venusaur, L50, F|\n|poke|p1|Corviknight, L50, F|\n|poke|p1|Hydreigon, L50, F|\n|poke|p1|Milotic, L50, F|\n|poke|p1|Manectric, L50, F|\n|poke|p2|Kangaskhan, L50, F|\n|poke|p2|Basculegion, L50, M|\n|poke|p2|Primarina, L50, F|\n|poke|p2|Garchomp, L50, F|\n|poke|p2|Aegislash, L50, M|\n|poke|p2|Dragonite, L50, F|\n|teampreview|3\n|inactive|Battle timer is ON: inactive players will automatically lose when time's up. (requested by lligand)\n|inactive|lligand has 60 seconds left.\n|\n|t:|1776741426\n|teamsize|p1|3\n|teamsize|p2|3\n|start\n|switch|p1a: Venusaur|Venusaur, L50, F|100/100\n|switch|p2a: Dragonite|Dragonite, L50, F|100/100\n|turn|1\n|j| huhyuhyuhyuh\n|\n|t:|1776741431\n|switch|p1a: Milotic|Milotic, L50, F|100/100\n|detailschange|p2a: Dragonite|Dragonite-Mega, L50, F\n|-mega|p2a: Dragonite|Dragonite|Dragoninite\n|move|p2a: Dragonite|Air Slash|p1a: Milotic\n|-damage|p1a: Milotic|76/100\n|\n|upkeep\n|turn|2\n|j| p74\n|\n|t:|1776741441\n|move|p2a: Dragonite|Thunderbolt|p1a: Milotic\n|-supereffective|p1a: Milotic|1\n|-damage|p1a: Milotic|33/100\n|-enditem|p1a: Milotic|Sitrus Berry|[eat]\n|-heal|p1a: Milotic|57/100|[from] item: Sitrus Berry\n|move|p1a: Milotic|Mirror Coat|p2a: Dragonite\n|-damage|p2a: Dragonite|7/100\n|\n|upkeep\n|turn|3\n|\n|t:|1776741447\n|move|p2a: Dragonite|Thunderbolt|p1a: Milotic\n|-supereffective|p1a: Milotic|1\n|-damage|p1a: Milotic|15/100\n|move|p1a: Milotic|Recover|p1a: Milotic\n|-heal|p1a: Milotic|65/100\n|\n|upkeep\n|turn|4\n|\n|t:|1776741451\n|move|p2a: Dragonite|Thunderbolt|p1a: Milotic\n|-supereffective|p1a: Milotic|1\n|-damage|p1a: Milotic|21/100\n|-status|p1a: Milotic|par\n|move|p1a: Milotic|Icy Wind|p2a: Dragonite\n|-supereffective|p2a: Dragonite|2\n|-damage|p2a: Dragonite|0 fnt\n|faint|p2a: Dragonite\n|\n|upkeep\n|\n|t:|1776741457\n|switch|p2a: Garchomp|Garchomp, L50, F|100/100\n|turn|5\n|\n|t:|1776741460\n|move|p2a: Garchomp|Earthquake|p1a: Milotic\n|-damage|p1a: Milotic|0 fnt\n|faint|p1a: Milotic\n|\n|upkeep\n|\n|t:|1776741463\n|switch|p1a: Hydreigon|Hydreigon, L50, F|100/100\n|turn|6\n|\n|t:|1776741467\n|switch|p2a: Primarina|Primarina, L50, F|100/100\n|move|p1a: Hydreigon|Draco Meteor|p2a: Primarina\n|-immune|p2a: Primarina\n|\n|upkeep\n|turn|7\n|\n|t:|1776741480\n|switch|p1a: Venusaur|Venusaur, L50, F|100/100\n|move|p2a: Primarina|Perish Song|p2a: Primarina\n|-start|p1a: Venusaur|perish3|[silent]\n|-start|p2a: Primarina|perish3|[silent]\n|-fieldactivate|move: Perish Song\n|\n|-start|p1a: Venusaur|perish3\n|-start|p2a: Primarina|perish3\n|upkeep\n|turn|8\n|\n|t:|1776741486\n|detailschange|p1a: Venusaur|Venusaur-Mega, L50, F\n|-mega|p1a: Venusaur|Venusaur|Venusaurite\n|move|p2a: Primarina|Protect|p2a: Primarina\n|-singleturn|p2a: Primarina|Protect\n|move|p1a: Venusaur|Giga Drain|p2a: Primarina\n|-activate|p2a: Primarina|move: Protect\n|\n|-start|p1a: Venusaur|perish2\n|-start|p2a: Primarina|perish2\n|upkeep\n|turn|9\n|\n|t:|1776741494\n|switch|p2a: Garchomp|Garchomp, L50, F|100/100\n|move|p1a: Venusaur|Giga Drain|p2a: Garchomp\n|-damage|p2a: Garchomp|53/100\n|\n|-start|p1a: Venusaur|perish1\n|upkeep\n|turn|10\n|\n|t:|1776741501\n|switch|p1a: Hydreigon|Hydreigon, L50, F|100/100\n|move|p2a: Garchomp|Outrage|p1a: Hydreigon\n|-supereffective|p1a: Hydreigon|1\n|-damage|p1a: Hydreigon|0 fnt\n|faint|p1a: Hydreigon\n|\n|upkeep\n|\n|t:|1776741504\n|switch|p1a: Venusaur|Venusaur-Mega, L50, F|100/100\n|turn|11\n|\n|t:|1776741506\n|move|p2a: Garchomp|Outrage|p1a: Venusaur|[from] lockedmove\n|-damage|p1a: Venusaur|49/100\n|move|p1a: Venusaur|Giga Drain|p2a: Garchomp\n|-damage|p2a: Garchomp|7/100\n|-heal|p1a: Venusaur|71/100|[from] drain|[of] p2a: Garchomp\n|\n|upkeep\n|turn|12\n|\n|t:|1776741512\n|move|p2a: Garchomp|Outrage|p1a: Venusaur|[from] lockedmove\n|-damage|p1a: Venusaur|22/100\n|-start|p2a: Garchomp|confusion|[fatigue]\n|move|p1a: Venusaur|Giga Drain|p2a: Garchomp\n|-damage|p2a: Garchomp|0 fnt\n|-heal|p1a: Venusaur|26/100|[from] drain|[of] p2a: Garchomp\n|faint|p2a: Garchomp\n|\n|upkeep\n|\n|t:|1776741515\n|switch|p2a: Primarina|Primarina, L50, F|100/100\n|turn|13\n|\n|t:|1776741518\n|move|p1a: Venusaur|Giga Drain|p2a: Primarina\n|-supereffective|p2a: Primarina|1\n|-damage|p2a: Primarina|38/100\n|-heal|p1a: Venusaur|57/100|[from] drain|[of] p2a: Primarina\n|move|p2a: Primarina|Moonblast|p1a: Venusaur\n|-resisted|p1a: Venusaur|1\n|-damage|p1a: Venusaur|39/100\n|\n|-heal|p2a: Primarina|44/100|[from] item: Leftovers\n|upkeep\n|turn|14\n|\n|t:|1776741523\n|move|p1a: Venusaur|Sludge Wave|p2a: Primarina\n|-supereffective|p2a: Primarina|1\n|-damage|p2a: Primarina|0 fnt\n|faint|p2a: Primarina\n|\n|win|lligand\n|raw|lligand's rating: 1382 &rarr; <strong>1405</strong><br />(+23 for winning)\n|raw|2026412myyzzz's rating: 1433 &rarr; <strong>1410</strong><br />(-23 for losing)\n|l|\u26062026412myyzzz\n|player|p2|\n|l|\u2606lligand\n|player|p1|\n|l| huhyuhyuhyuh\n", "uploadtime": 1776741577, "views": 5, "formatid": "gen9championsbssregma", "rating": 1405, "private": 0, "password": null}