{"id": "gen9championsbssregma-2591139552", "format": "[Gen 9 Champions] BSS Reg M-A", "players": ["BBWSlayer", "BusterHavoc"], "log": "|j|\u2606BBWSlayer\n|j|\u2606BusterHavoc\n|t:|1776876916\n|gametype|singles\n|player|p1|BBWSlayer|baker|1135\n|player|p2|BusterHavoc|bellelba|1154\n|gen|9\n|tier|[Gen 9 Champions] BSS Reg M-A\n|rated|\n|rule|Species Clause: Limit one of each Pok\u00e9mon\n|rule|Item Clause: Limit 1 of each item\n|clearpoke\n|poke|p1|Lucario, L50, M|\n|poke|p1|Meganium, L50, F|\n|poke|p1|Garchomp, L50, M|\n|poke|p1|Aerodactyl, L50, F|\n|poke|p1|Slowking-Galar, L50, F|\n|poke|p1|Rotom-Wash, L50|\n|poke|p2|Hawlucha, L50, F|\n|poke|p2|Gyarados, L50, M|\n|poke|p2|Rotom-Heat, L50|\n|poke|p2|Scizor, L50, M|\n|poke|p2|Sinistcha, L50|\n|poke|p2|Slowbro-Galar, L50, F|\n|teampreview|3\n|inactive|Battle timer is ON: inactive players will automatically lose when time's up. (requested by BusterHavoc)\n|\n|t:|1776876939\n|teamsize|p1|3\n|teamsize|p2|3\n|start\n|switch|p1a: Aerodactyl|Aerodactyl, L50, F|100/100\n|switch|p2a: PolloMysterio|Hawlucha, L50, F|100/100\n|turn|1\n|\n|t:|1776876948\n|detailschange|p1a: Aerodactyl|Aerodactyl-Mega, L50, F\n|-mega|p1a: Aerodactyl|Aerodactyl|Aerodactylite\n|detailschange|p2a: PolloMysterio|Hawlucha-Mega, L50, F\n|-mega|p2a: PolloMysterio|Hawlucha|Hawluchanite\n|move|p1a: Aerodactyl|Stone Edge|p2a: PolloMysterio\n|-damage|p2a: PolloMysterio|33/100\n|move|p2a: PolloMysterio|Stone Edge|p1a: Aerodactyl\n|-supereffective|p1a: Aerodactyl|1\n|-damage|p1a: Aerodactyl|0 fnt\n|faint|p1a: Aerodactyl\n|\n|upkeep\n|\n|t:|1776876957\n|switch|p1a: Lucario|Lucario, L50, M|100/100\n|turn|2\n|\n|t:|1776876962\n|switch|p2a: Bathbomb|Rotom-Heat, L50|100/100\n|move|p1a: Lucario|Extreme Speed|p2a: Bathbomb\n|-damage|p2a: Bathbomb|66/100\n|\n|upkeep\n|turn|3\n|\n|t:|1776876970\n|switch|p1a: Garchomp|Garchomp, L50, M|100/100\n|move|p2a: Bathbomb|Overheat|p1a: Garchomp\n|-resisted|p1a: Garchomp|1\n|-damage|p1a: Garchomp|66/100\n|-unboost|p2a: Bathbomb|spa|2\n|\n|upkeep\n|turn|4\n|\n|t:|1776876979\n|switch|p2a: PolloMysterio|Hawlucha-Mega, L50, F|33/100\n|move|p1a: Garchomp|Rock Slide|p2a: PolloMysterio\n|-damage|p2a: PolloMysterio|4/100\n|\n|upkeep\n|turn|5\n|\n|t:|1776876986\n|move|p1a: Garchomp|Rock Slide|p2a: PolloMysterio\n|-damage|p2a: PolloMysterio|0 fnt\n|faint|p2a: PolloMysterio\n|\n|upkeep\n|\n|t:|1776876994\n|switch|p2a: Tech Nine|Scizor, L50, M|100/100\n|turn|6\n|\n|t:|1776877000\n|move|p1a: Garchomp|Rock Slide|p2a: Tech Nine\n|-damage|p2a: Tech Nine|73/100\n|move|p2a: Tech Nine|Dual Wingbeat|p1a: Garchomp\n|-damage|p1a: Garchomp|45/100\n|-damage|p2a: Tech Nine|60/100|[from] ability: Rough Skin|[of] p1a: Garchomp\n|-damage|p1a: Garchomp|23/100\n|-damage|p2a: Tech Nine|48/100|[from] ability: Rough Skin|[of] p1a: Garchomp\n|-hitcount|p1a: Garchomp|2\n|\n|upkeep\n|turn|7\n|\n|t:|1776877011\n|switch|p1a: Lucario|Lucario, L50, M|100/100\n|move|p2a: Tech Nine|Bullet Punch|p1a: Lucario\n|-resisted|p1a: Lucario|1\n|-damage|p1a: Lucario|68/100\n|\n|upkeep\n|turn|8\n|\n|t:|1776877021\n|move|p1a: Lucario|Close Combat|p2a: Tech Nine\n|-damage|p2a: Tech Nine|0 fnt\n|-unboost|p1a: Lucario|def|1\n|-unboost|p1a: Lucario|spd|1\n|faint|p2a: Tech Nine\n|\n|upkeep\n|\n|t:|1776877024\n|switch|p2a: Bathbomb|Rotom-Heat, L50|66/100\n|turn|9\n|\n|t:|1776877029\n|move|p1a: Lucario|Bullet Punch|p2a: Bathbomb\n|-resisted|p2a: Bathbomb|2\n|-damage|p2a: Bathbomb|59/100\n|move|p2a: Bathbomb|Overheat|p1a: Lucario\n|-supereffective|p1a: Lucario|1\n|-damage|p1a: Lucario|0 fnt\n|-unboost|p2a: Bathbomb|spa|2\n|faint|p1a: Lucario\n|\n|upkeep\n|\n|t:|1776877037\n|switch|p1a: Garchomp|Garchomp, L50, M|23/100\n|turn|10\n|\n|t:|1776877045\n|move|p1a: Garchomp|Rock Slide|p2a: Bathbomb\n|-supereffective|p2a: Bathbomb|1\n|-damage|p2a: Bathbomb|0 fnt\n|faint|p2a: Bathbomb\n|\n|win|BBWSlayer\n|raw|BBWSlayer's rating: 1135 &rarr; <strong>1161</strong><br />(+26 for winning)\n|raw|BusterHavoc's rating: 1154 &rarr; <strong>1128</strong><br />(-26 for losing)\n|l|\u2606BusterHavoc\n|player|p2|\n", "uploadtime": 1776877050, "views": 18, "formatid": "gen9championsbssregma", "rating": 1128, "private": 0, "password": null}