{"id": "gen9championsbssregma-2594612917", "format": "[Gen 9 Champions] BSS Reg M-A", "players": ["Mathiaxsdu31", "DiceyRice"], "log": "|j|\u2606Mathiaxsdu31\n|j|\u2606DiceyRice\n|t:|1777218171\n|gametype|singles\n|player|p1|Mathiaxsdu31|265|1415\n|player|p2|DiceyRice|miku-ghost|1509\n|gen|9\n|tier|[Gen 9 Champions] BSS Reg M-A\n|rated|\n|rule|Species Clause: Limit one of each Pok\u00e9mon\n|rule|Item Clause: Limit 1 of each item\n|clearpoke\n|poke|p1|Scizor, L50, M|\n|poke|p1|Charizard, L50, M|\n|poke|p1|Garchomp, L50, M|\n|poke|p1|Clefable, L50, M|\n|poke|p1|Basculegion, L50, M|\n|poke|p1|Venusaur, L50, M|\n|poke|p2|Clefable, L50, M|\n|poke|p2|Espathra, L50, M|\n|poke|p2|Incineroar, L50, M|\n|poke|p2|Aegislash, L50, M|\n|poke|p2|Hydreigon, L50, M|\n|poke|p2|Floette-Eternal, L50, F|\n|teampreview|3\n|\n|t:|1777218193\n|teamsize|p1|3\n|teamsize|p2|3\n|start\n|switch|p1a: Garchomp|Garchomp, L50, M|100/100\n|switch|p2a: Espathra|Espathra, L50, M|100/100\n|turn|1\n|inactive|Battle timer is ON: inactive players will automatically lose when time's up. (requested by Mathiaxsdu31)\n|\n|t:|1777218200\n|move|p2a: Espathra|Substitute|p2a: Espathra\n|-start|p2a: Espathra|Substitute\n|-damage|p2a: Espathra|75/100\n|move|p1a: Garchomp|Stealth Rock|p2a: Espathra\n|-sidestart|p2: DiceyRice|move: Stealth Rock\n|\n|-heal|p2a: Espathra|81/100|[from] item: Leftovers\n|-ability|p2a: Espathra|Speed Boost|boost\n|-boost|p2a: Espathra|spe|1\n|upkeep\n|turn|2\n|\n|t:|1777218204\n|move|p2a: Espathra|Protect|p2a: Espathra\n|-singleturn|p2a: Espathra|Protect\n|move|p1a: Garchomp|Earthquake|p2a: Espathra\n|-activate|p2a: Espathra|move: Protect\n|\n|-heal|p2a: Espathra|87/100|[from] item: Leftovers\n|-ability|p2a: Espathra|Speed Boost|boost\n|-boost|p2a: Espathra|spe|1\n|upkeep\n|turn|3\n|\n|t:|1777218206\n|move|p2a: Espathra|Calm Mind|p2a: Espathra\n|-boost|p2a: Espathra|spa|1\n|-boost|p2a: Espathra|spd|1\n|move|p1a: Garchomp|Earthquake|p2a: Espathra\n|-end|p2a: Espathra|Substitute\n|\n|-heal|p2a: Espathra|93/100|[from] item: Leftovers\n|-ability|p2a: Espathra|Speed Boost|boost\n|-boost|p2a: Espathra|spe|1\n|upkeep\n|turn|4\n|\n|t:|1777218210\n|move|p2a: Espathra|Protect|p2a: Espathra\n|-singleturn|p2a: Espathra|Protect\n|move|p1a: Garchomp|Earthquake|p2a: Espathra\n|-activate|p2a: Espathra|move: Protect\n|\n|-heal|p2a: Espathra|99/100|[from] item: Leftovers\n|-ability|p2a: Espathra|Speed Boost|boost\n|-boost|p2a: Espathra|spe|1\n|upkeep\n|turn|5\n|\n|t:|1777218214\n|move|p2a: Espathra|Substitute|p2a: Espathra\n|-start|p2a: Espathra|Substitute\n|-damage|p2a: Espathra|74/100\n|move|p1a: Garchomp|Dragon Tail|p2a: Espathra\n|-crit|p2a: Espathra\n|-end|p2a: Espathra|Substitute\n|\n|-heal|p2a: Espathra|80/100|[from] item: Leftovers\n|-ability|p2a: Espathra|Speed Boost|boost\n|-boost|p2a: Espathra|spe|1\n|upkeep\n|turn|6\n|\n|t:|1777218218\n|move|p2a: Espathra|Protect|p2a: Espathra\n|-singleturn|p2a: Espathra|Protect\n|move|p1a: Garchomp|Dragon Tail|p2a: Espathra\n|-activate|p2a: Espathra|move: Protect\n|\n|-heal|p2a: Espathra|86/100|[from] item: Leftovers\n|-ability|p2a: Espathra|Speed Boost|boost\n|-boost|p2a: Espathra|spe|1\n|upkeep\n|turn|7\n|\n|t:|1777218224\n|move|p2a: Espathra|Baton Pass|p2a: Espathra\n|\n|t:|1777218225\n|switch|p2a: Clefable|Clefable, L50, M|100/100|[from] Baton Pass\n|-damage|p2a: Clefable|87/100|[from] Stealth Rock\n|move|p1a: Garchomp|Dragon Tail|p2a: Clefable\n|-immune|p2a: Clefable\n|\n|upkeep\n|turn|8\n|\n|t:|1777218230\n|switch|p1a: Clefable|Clefable, L50, M|100/100\n|move|p2a: Clefable|Cosmic Power|p2a: Clefable\n|-boost|p2a: Clefable|def|1\n|-boost|p2a: Clefable|spd|1\n|\n|upkeep\n|turn|9\n|\n|t:|1777218232\n|move|p2a: Clefable|Cosmic Power|p2a: Clefable\n|-boost|p2a: Clefable|def|1\n|-boost|p2a: Clefable|spd|1\n|move|p1a: Clefable|Encore|p2a: Clefable\n|-start|p2a: Clefable|Encore\n|\n|upkeep\n|turn|10\n|\n|t:|1777218239\n|move|p2a: Clefable|Cosmic Power|p2a: Clefable\n|-boost|p2a: Clefable|def|1\n|-boost|p2a: Clefable|spd|1\n|move|p1a: Clefable|Moonblast|p2a: Clefable\n|-damage|p2a: Clefable|77/100\n|\n|upkeep\n|turn|11\n|\n|t:|1777218241\n|move|p2a: Clefable|Cosmic Power|p2a: Clefable\n|-boost|p2a: Clefable|def|1\n|-boost|p2a: Clefable|spd|1\n|move|p1a: Clefable|Moonblast|p2a: Clefable\n|-damage|p2a: Clefable|68/100\n|\n|upkeep\n|turn|12\n|\n|t:|1777218247\n|move|p2a: Clefable|Cosmic Power|p2a: Clefable\n|-boost|p2a: Clefable|def|1\n|-boost|p2a: Clefable|spd|1\n|move|p1a: Clefable|Encore||[still]\n|-fail|p1a: Clefable\n|\n|-end|p2a: Clefable|Encore\n|upkeep\n|turn|13\n|\n|t:|1777218253\n|move|p2a: Clefable|Stored Power|p1a: Clefable\n|-damage|p1a: Clefable|0 fnt\n|faint|p1a: Clefable\n|\n|upkeep\n|\n|t:|1777218257\n|switch|p1a: Garchomp|Garchomp, L50, M|100/100\n|turn|14\n|\n|t:|1777218260\n|move|p2a: Clefable|Stored Power|p1a: Garchomp\n|-enditem|p1a: Garchomp|Focus Sash\n|-damage|p1a: Garchomp|1/100\n|move|p1a: Garchomp|Earthquake|p2a: Clefable\n|-damage|p2a: Clefable|55/100\n|\n|upkeep\n|turn|15\n|-message|Mathiaxsdu31 forfeited.\n|\n|win|DiceyRice\n|raw|Mathiaxsdu31's rating: 1415 &rarr; <strong>1400</strong><br />(-15 for losing)\n|raw|DiceyRice's rating: 1509 &rarr; <strong>1524</strong><br />(+15 for winning)\n|l|\u2606Mathiaxsdu31\n|player|p1|\n", "uploadtime": 1777218271, "views": 8, "formatid": "gen9championsbssregma", "rating": 1400, "private": 0, "password": null}