{"id": "gen9championsbssregma-2593579041", "format": "[Gen 9 Champions] BSS Reg M-A", "players": ["cork0909", "zhiyongyici"], "log": "|j|\u2606cork0909\n|j|\u2606zhiyongyici\n|t:|1777099800\n|gametype|singles\n|player|p1|cork0909|265|1225\n|player|p2|zhiyongyici|clerk|1270\n|gen|9\n|tier|[Gen 9 Champions] BSS Reg M-A\n|rated|\n|rule|Species Clause: Limit one of each Pok\u00e9mon\n|rule|Item Clause: Limit 1 of each item\n|clearpoke\n|poke|p1|Gardevoir, L50, M|\n|poke|p1|Basculegion, L50, M|\n|poke|p1|Liepard, L50, M|\n|poke|p1|Mimikyu, L50, F|\n|poke|p1|Lucario, L50, F|\n|poke|p1|Skeledirge, L50, M|\n|poke|p2|Starmie, L50|\n|poke|p2|Dragonite, L50, M|\n|poke|p2|Dragapult, L50, M|\n|poke|p2|Camerupt, L50, F|\n|poke|p2|Primarina, L50, M|\n|poke|p2|Sneasler, L50, M|\n|teampreview|3\n|inactive|Battle timer is ON: inactive players will automatically lose when time's up. (requested by zhiyongyici)\n|\n|t:|1777099834\n|teamsize|p1|3\n|teamsize|p2|3\n|start\n|switch|p1a: Liepard|Liepard, L50, M|100/100\n|switch|p2a: Sneasler|Sneasler, L50, M|100/100\n|turn|1\n|\n|t:|1777099841\n|move|p1a: Liepard|Thunder Wave|p2a: Sneasler\n|-status|p2a: Sneasler|par\n|move|p2a: Sneasler|Substitute|p2a: Sneasler\n|-start|p2a: Sneasler|Substitute\n|-damage|p2a: Sneasler|76/100 par\n|\n|upkeep\n|turn|2\n|\n|t:|1777099848\n|move|p1a: Liepard|Snarl|p2a: Sneasler\n|-resisted|p2a: Sneasler|1\n|-damage|p2a: Sneasler|60/100 par\n|-unboost|p2a: Sneasler|spa|1\n|move|p2a: Sneasler|Close Combat|p1a: Liepard\n|-supereffective|p1a: Liepard|1\n|-enditem|p1a: Liepard|Focus Sash\n|-damage|p1a: Liepard|1/100\n|-unboost|p2a: Sneasler|def|1\n|-unboost|p2a: Sneasler|spd|1\n|\n|upkeep\n|turn|3\n|\n|t:|1777099860\n|move|p1a: Liepard|Snarl|p2a: Sneasler\n|-resisted|p2a: Sneasler|1\n|-damage|p2a: Sneasler|39/100 par\n|-unboost|p2a: Sneasler|spa|1\n|-enditem|p2a: Sneasler|Sitrus Berry|[eat]\n|-heal|p2a: Sneasler|64/100 par|[from] item: Sitrus Berry\n|move|p2a: Sneasler|Dire Claw|p1a: Liepard\n|-damage|p1a: Liepard|0 fnt\n|faint|p1a: Liepard\n|\n|upkeep\n|j| Esslinger\n|\n|t:|1777099874\n|switch|p1a: Basculegion|Basculegion, L50, M|100/100\n|turn|4\n|\n|t:|1777099879\n|move|p1a: Basculegion|Last Respects|p2a: Sneasler\n|-end|p2a: Sneasler|Substitute\n|move|p2a: Sneasler|Dire Claw|p1a: Basculegion\n|-resisted|p1a: Basculegion|1\n|-damage|p1a: Basculegion|76/100\n|\n|upkeep\n|turn|5\n|\n|t:|1777099887\n|move|p1a: Basculegion|Last Respects|p2a: Sneasler\n|-damage|p2a: Sneasler|0 fnt\n|faint|p2a: Sneasler\n|\n|upkeep\n|\n|t:|1777099890\n|switch|p2a: Dragonite|Dragonite, L50, M|100/100\n|turn|6\n|\n|t:|1777099895\n|switch|p1a: Gardevoir|Gardevoir, L50, M|100/100\n|-ability|p1a: Gardevoir|Multiscale|Trace|[from] ability: Trace|[of] p2a: Dragonite\n|move|p2a: Dragonite|Dragon Dance|p2a: Dragonite\n|-boost|p2a: Dragonite|atk|1\n|-boost|p2a: Dragonite|spe|1\n|\n|upkeep\n|turn|7\n|\n|t:|1777099904\n|move|p2a: Dragonite|Thunder Punch|p1a: Gardevoir\n|-damage|p1a: Gardevoir|65/100\n|-status|p1a: Gardevoir|par\n|move|p1a: Gardevoir|Calm Mind|p1a: Gardevoir\n|-boost|p1a: Gardevoir|spa|1\n|-boost|p1a: Gardevoir|spd|1\n|\n|upkeep\n|turn|8\n|\n|t:|1777099913\n|detailschange|p1a: Gardevoir|Gardevoir-Mega, L50, M\n|-mega|p1a: Gardevoir|Gardevoir|Gardevoirite\n|move|p2a: Dragonite|Thunder Punch|p1a: Gardevoir\n|-damage|p1a: Gardevoir|0 fnt\n|faint|p1a: Gardevoir\n|\n|upkeep\n|\n|t:|1777099920\n|switch|p1a: Basculegion|Basculegion, L50, M|76/100\n|turn|9\n|\n|t:|1777099930\n|move|p2a: Dragonite|Thunder Punch|p1a: Basculegion\n|-supereffective|p1a: Basculegion|1\n|-damage|p1a: Basculegion|0 fnt\n|faint|p1a: Basculegion\n|\n|win|zhiyongyici\n|raw|cork0909's rating: 1225 &rarr; <strong>1203</strong><br />(-22 for losing)\n|raw|zhiyongyici's rating: 1270 &rarr; <strong>1292</strong><br />(+22 for winning)\n", "uploadtime": 1777099933, "views": 5, "formatid": "gen9championsbssregma", "rating": 1203, "private": 0, "password": null}