{"id": "gen9championsbssregma-2593646081", "format": "[Gen 9 Champions] BSS Reg M-A", "players": ["zakokr", "cubechobab"], "log": "|j|\u2606zakokr\n|j|\u2606cubechobab\n|t:|1777109990\n|gametype|singles\n|player|p1|zakokr|silver|1371\n|player|p2|cubechobab|benga|1353\n|gen|9\n|tier|[Gen 9 Champions] BSS Reg M-A\n|rated|\n|rule|Species Clause: Limit one of each Pok\u00e9mon\n|rule|Item Clause: Limit 1 of each item\n|clearpoke\n|poke|p1|Chimecho, L50, M|\n|poke|p1|Meowscarada, L50, F|\n|poke|p1|Glimmora, L50, M|\n|poke|p1|Emboar, L50, F|\n|poke|p1|Umbreon, L50, F|\n|poke|p1|Primarina, L50, M|\n|poke|p2|Clefable, L50, M|\n|poke|p2|Kleavor, L50, F|\n|poke|p2|Umbreon, L50, F|\n|poke|p2|Basculegion, L50, M|\n|poke|p2|Rotom-Heat, L50|\n|poke|p2|Lopunny, L50, M|\n|teampreview|3\n|inactive|Battle timer is ON: inactive players will automatically lose when time's up. (requested by zakokr)\n|\n|t:|1777110084\n|teamsize|p1|3\n|teamsize|p2|3\n|start\n|switch|p1a: Primarina|Primarina, L50, M|100/100\n|switch|p2a: Rotom|Rotom-Heat, L50|100/100\n|turn|1\n|\n|t:|1777110103\n|move|p2a: Rotom|Volt Switch|p1a: Primarina\n|-supereffective|p1a: Primarina|1\n|-damage|p1a: Primarina|52/100\n|\n|t:|1777110121\n|switch|p2a: Clefable|Clefable, L50, M|100/100|[from] Volt Switch\n|move|p1a: Primarina|Moonblast|p2a: Clefable\n|-damage|p2a: Clefable|58/100\n|\n|upkeep\n|turn|2\n|\n|t:|1777110136\n|detailschange|p2a: Clefable|Clefable-Mega, L50, M\n|-mega|p2a: Clefable|Clefable|Clefablite\n|move|p1a: Primarina|Sparkling Aria|p2a: Clefable\n|-damage|p2a: Clefable|25/100\n|move|p2a: Clefable|Moonlight|p2a: Clefable\n|-heal|p2a: Clefable|75/100\n|\n|upkeep\n|turn|3\n|\n|t:|1777110146\n|move|p1a: Primarina|Perish Song|p1a: Primarina\n|-start|p1a: Primarina|perish3|[silent]\n|-start|p2a: Clefable|perish3|[silent]\n|-fieldactivate|move: Perish Song\n|move|p2a: Clefable|Cosmic Power|p2a: Clefable\n|-boost|p2a: Clefable|def|1\n|-boost|p2a: Clefable|spd|1\n|\n|-start|p2a: Clefable|perish3\n|-start|p1a: Primarina|perish3\n|upkeep\n|turn|4\n|inactive|zakokr has 30 seconds left.\n|\n|t:|1777110175\n|switch|p1a: Emboar|Emboar, L50, F|100/100\n|move|p2a: Clefable|Moonblast|p1a: Emboar\n|-damage|p1a: Emboar|43/100\n|\n|-start|p2a: Clefable|perish2\n|upkeep\n|turn|5\n|\n|t:|1777110188\n|switch|p1a: Primarina|Primarina, L50, M|52/100\n|move|p2a: Clefable|Stored Power|p1a: Primarina\n|-damage|p1a: Primarina|37/100\n|-enditem|p1a: Primarina|Sitrus Berry|[eat]\n|-heal|p1a: Primarina|62/100|[from] item: Sitrus Berry\n|\n|-start|p2a: Clefable|perish1\n|upkeep\n|turn|6\n|inactive|zakokr has 30 seconds left.\n|inactive|zakokr has 20 seconds left.\n|\n|t:|1777110224\n|switch|p2a: Rotom|Rotom-Heat, L50|100/100\n|switch|p1a: Emboar|Emboar, L50, F|43/100\n|\n|upkeep\n|turn|7\n|\n|t:|1777110242\n|detailschange|p1a: Emboar|Emboar-Mega, L50, F\n|-mega|p1a: Emboar|Emboar|Emboarite\n|-ability|p1a: Emboar|Mold Breaker\n|move|p1a: Emboar|Drain Punch|p2a: Rotom\n|-damage|p2a: Rotom|53/100\n|-heal|p1a: Emboar|63/100|[from] drain|[of] p2a: Rotom\n|move|p2a: Rotom|Volt Switch|p1a: Emboar\n|-damage|p1a: Emboar|30/100\n|inactive|cubechobab has 30 seconds left.\n|\n|t:|1777110268\n|switch|p2a: Basculegion|Basculegion, L50, M|100/100|[from] Volt Switch\n|\n|upkeep\n|turn|8\n|\n|t:|1777110273\n|move|p2a: Basculegion|Wave Crash|p1a: Emboar\n|-supereffective|p1a: Emboar|1\n|-damage|p1a: Emboar|0 fnt\n|faint|p1a: Emboar\n|-damage|p2a: Basculegion|91/100|[from] Recoil\n|\n|upkeep\n|\n|t:|1777110279\n|switch|p1a: Meowscarada|Meowscarada, L50, F|100/100\n|turn|9\n|\n|t:|1777110284\n|move|p1a: Meowscarada|U-turn|p2a: Basculegion\n|-start|p1a: Meowscarada|typechange|Bug|[from] ability: Protean\n|-resisted|p2a: Basculegion|1\n|-damage|p2a: Basculegion|70/100\n|\n|t:|1777110289\n|switch|p1a: Primarina|Primarina, L50, M|62/100|[from] U-turn\n|move|p2a: Basculegion|Wave Crash|p1a: Primarina\n|-resisted|p1a: Primarina|1\n|-damage|p1a: Primarina|19/100\n|-damage|p2a: Basculegion|57/100|[from] Recoil\n|\n|upkeep\n|turn|10\n|\n|t:|1777110300\n|switch|p1a: Meowscarada|Meowscarada, L50, F|100/100\n|move|p2a: Basculegion|Wave Crash|p1a: Meowscarada\n|-resisted|p1a: Meowscarada|1\n|-damage|p1a: Meowscarada|38/100\n|-damage|p2a: Basculegion|41/100|[from] Recoil\n|\n|upkeep\n|turn|11\n|\n|t:|1777110308\n|move|p1a: Meowscarada|Flower Trick|p2a: Basculegion\n|-start|p1a: Meowscarada|typechange|Grass|[from] ability: Protean\n|-supereffective|p2a: Basculegion|1\n|-crit|p2a: Basculegion\n|-damage|p2a: Basculegion|0 fnt\n|faint|p2a: Basculegion\n|\n|upkeep\n|\n|t:|1777110316\n|switch|p2a: Rotom|Rotom-Heat, L50|53/100\n|turn|12\n|\n|t:|1777110321\n|move|p1a: Meowscarada|Flower Trick|p2a: Rotom\n|-resisted|p2a: Rotom|1\n|-crit|p2a: Rotom\n|-damage|p2a: Rotom|25/100\n|-enditem|p2a: Rotom|Sitrus Berry|[eat]\n|-heal|p2a: Rotom|50/100|[from] item: Sitrus Berry\n|move|p2a: Rotom|Overheat|p1a: Meowscarada\n|-supereffective|p1a: Meowscarada|1\n|-damage|p1a: Meowscarada|0 fnt\n|-unboost|p2a: Rotom|spa|2\n|faint|p1a: Meowscarada\n|\n|upkeep\n|\n|t:|1777110334\n|switch|p1a: Primarina|Primarina, L50, M|19/100\n|turn|13\n|\n|t:|1777110338\n|move|p2a: Rotom|Volt Switch|p1a: Primarina\n|-supereffective|p1a: Primarina|1\n|-damage|p1a: Primarina|0 fnt\n|faint|p1a: Primarina\n|\n|win|cubechobab\n|raw|zakokr's rating: 1371 &rarr; <strong>1350</strong><br />(-21 for losing)\n|raw|cubechobab's rating: 1353 &rarr; <strong>1374</strong><br />(+21 for winning)\n|l|\u2606zakokr\n|player|p1|\n|l|\u2606cubechobab\n|player|p2|\n|j|\u2606cubechobab\n|player|p2|cubechobab|benga|\n", "uploadtime": 1777110362, "views": 8, "formatid": "gen9championsbssregma", "rating": 1350, "private": 0, "password": null}