{"id": "gen9championsbssregma-2592044082", "format": "[Gen 9 Champions] BSS Reg M-A", "players": ["do0405", "boi in the back"], "log": "|j|\u2606do0405\n|j|\u2606boi in the back\n|t:|1776959728\n|gametype|singles\n|player|p1|do0405|169|1179\n|player|p2|boi in the back|jacinthe|1190\n|gen|9\n|tier|[Gen 9 Champions] BSS Reg M-A\n|rated|\n|rule|Species Clause: Limit one of each Pok\u00e9mon\n|rule|Item Clause: Limit 1 of each item\n|clearpoke\n|poke|p1|Charizard, L50, F|\n|poke|p1|Garchomp, L50, M|\n|poke|p1|Archaludon, L50, M|\n|poke|p1|Mimikyu, L50, M|\n|poke|p1|Hippowdon, L50, F|\n|poke|p1|Gengar, L50, M|\n|poke|p2|Slowbro, L50, F, shiny|\n|poke|p2|Garchomp, L50, F|\n|poke|p2|Lucario, L50, F|\n|poke|p2|Aegislash, L50, M|\n|poke|p2|Delphox, L50, M, shiny|\n|poke|p2|Archaludon, L50, M, shiny|\n|teampreview|3\n|inactive|Battle timer is ON: inactive players will automatically lose when time's up. (requested by boi in the back)\n|inactive|boi in the back has 60 seconds left.\n|l|\u2606do0405\n|inactive|do0405 disconnected and has a minute to reconnect!\n|player|p1|\n|\n|t:|1776959777\n|teamsize|p1|3\n|teamsize|p2|3\n|start\n|switch|p1a: Mimikyu|Mimikyu, L50, M|100/100\n|switch|p2a: Garchomp|Garchomp, L50, F|100/100\n|turn|1\n|j|\u2606do0405\n|inactive|do0405 reconnected and has 50 seconds left.\n|player|p1|do0405|169|\n|-activate|p1a: Mimikyu|item: Quick Claw\n|\n|t:|1776959794\n|move|p1a: Mimikyu|Swords Dance|p1a: Mimikyu\n|-boost|p1a: Mimikyu|atk|2\n|move|p2a: Garchomp|Earthquake|p1a: Mimikyu\n|-activate|p1a: Mimikyu|ability: Disguise\n|-damage|p1a: Mimikyu|100/100\n|detailschange|p1a: Mimikyu|Mimikyu-Busted, L50, M\n|-damage|p1a: Mimikyu|88/100|[from] pokemon: Mimikyu-Busted\n|\n|upkeep\n|turn|2\n|\n|t:|1776959813\n|move|p2a: Garchomp|Earthquake|p1a: Mimikyu\n|-damage|p1a: Mimikyu|9/100\n|move|p1a: Mimikyu|Play Rough|p2a: Garchomp\n|-supereffective|p2a: Garchomp|1\n|-damage|p2a: Garchomp|0 fnt\n|-damage|p1a: Mimikyu|0 fnt|[from] ability: Rough Skin|[of] p2a: Garchomp\n|faint|p2a: Garchomp\n|faint|p1a: Mimikyu\n|\n|upkeep\n|\n|t:|1776959822\n|switch|p2a: Slowbro|Slowbro, L50, F, shiny|100/100\n|switch|p1a: Archaludon|Archaludon, L50, M|100/100\n|turn|3\n|\n|t:|1776959828\n|detailschange|p2a: Slowbro|Slowbro-Mega, L50, F, shiny\n|-mega|p2a: Slowbro|Slowbro|Slowbronite\n|move|p1a: Archaludon|Thunderbolt|p2a: Slowbro\n|-supereffective|p2a: Slowbro|1\n|-damage|p2a: Slowbro|53/100\n|move|p2a: Slowbro|Calm Mind|p2a: Slowbro\n|-boost|p2a: Slowbro|spa|1\n|-boost|p2a: Slowbro|spd|1\n|\n|upkeep\n|turn|4\n|\n|t:|1776959835\n|move|p1a: Archaludon|Thunderbolt|p2a: Slowbro\n|-supereffective|p2a: Slowbro|1\n|-damage|p2a: Slowbro|21/100\n|move|p2a: Slowbro|Slack Off|p2a: Slowbro\n|-heal|p2a: Slowbro|71/100\n|\n|upkeep\n|turn|5\n|\n|t:|1776959841\n|move|p1a: Archaludon|Thunderbolt|p2a: Slowbro\n|-supereffective|p2a: Slowbro|1\n|-damage|p2a: Slowbro|37/100\n|move|p2a: Slowbro|Calm Mind|p2a: Slowbro\n|-boost|p2a: Slowbro|spa|1\n|-boost|p2a: Slowbro|spd|1\n|\n|upkeep\n|turn|6\n|\n|t:|1776959845\n|move|p1a: Archaludon|Thunderbolt|p2a: Slowbro\n|-supereffective|p2a: Slowbro|1\n|-damage|p2a: Slowbro|11/100\n|move|p2a: Slowbro|Slack Off|p2a: Slowbro\n|-heal|p2a: Slowbro|61/100\n|\n|upkeep\n|turn|7\n|\n|t:|1776959851\n|move|p1a: Archaludon|Thunderbolt|p2a: Slowbro\n|-supereffective|p2a: Slowbro|1\n|-damage|p2a: Slowbro|37/100\n|move|p2a: Slowbro|Slack Off|p2a: Slowbro\n|-heal|p2a: Slowbro|87/100\n|\n|upkeep\n|turn|8\n|\n|t:|1776959856\n|move|p1a: Archaludon|Thunderbolt|p2a: Slowbro\n|-supereffective|p2a: Slowbro|1\n|-damage|p2a: Slowbro|62/100\n|move|p2a: Slowbro|Calm Mind|p2a: Slowbro\n|-boost|p2a: Slowbro|spa|1\n|-boost|p2a: Slowbro|spd|1\n|\n|upkeep\n|turn|9\n|-message|do0405 forfeited.\n|\n|win|boi in the back\n|raw|do0405's rating: 1179 &rarr; <strong>1155</strong><br />(-24 for losing)\n|raw|boi in the back's rating: 1190 &rarr; <strong>1214</strong><br />(+24 for winning)\n", "uploadtime": 1776959866, "views": 3, "formatid": "gen9championsbssregma", "rating": 1155, "private": 0, "password": null}