{"id": "gen9championsbssregma-2592141531", "format": "[Gen 9 Champions] BSS Reg M-A", "players": ["DBest04", "Palafin Enjoyer"], "log": "|j|\u2606DBest04\n|j|\u2606Palafin Enjoyer\n|t:|1776966088\n|gametype|singles\n|player|p1|DBest04|265|1354\n|player|p2|Palafin Enjoyer|yellow|1269\n|gen|9\n|tier|[Gen 9 Champions] BSS Reg M-A\n|rated|\n|rule|Species Clause: Limit one of each Pok\u00e9mon\n|rule|Item Clause: Limit 1 of each item\n|clearpoke\n|poke|p1|Rotom-Heat, L50, shiny|\n|poke|p1|Froslass, L50, F|\n|poke|p1|Clefable, L50, M|\n|poke|p1|Samurott-Hisui, L50, M, shiny|\n|poke|p1|Zoroark-Hisui, L50, F, shiny|\n|poke|p1|Goodra-Hisui, L50, F, shiny|\n|poke|p2|Clefable, L50, F, shiny|\n|poke|p2|Basculegion, L50, M, shiny|\n|poke|p2|Glimmora, L50, F, shiny|\n|poke|p2|Tauros-Paldea-Blaze, L50, M, shiny|\n|poke|p2|Aegislash, L50, M, shiny|\n|poke|p2|Kangaskhan, L50, F|\n|teampreview|3\n|inactive|Battle timer is ON: inactive players will automatically lose when time's up. (requested by DBest04)\n|inactive|Palafin Enjoyer has 60 seconds left.\n|\n|t:|1776966125\n|teamsize|p1|3\n|teamsize|p2|3\n|start\n|switch|p1a: Clefable|Clefable, L50, M|100/100\n|switch|p2a: Glimmora|Glimmora, L50, F, shiny|100/100\n|turn|1\n|\n|t:|1776966128\n|move|p1a: Clefable|Bitter Malice|p2a: Glimmora\n|-damage|p2a: Glimmora|55/100\n|-unboost|p2a: Glimmora|atk|1\n|move|p2a: Glimmora|Toxic|p1a: Clefable\n|-status|p1a: Clefable|tox\n|\n|-damage|p1a: Clefable|94/100 tox|[from] psn\n|upkeep\n|turn|2\n|\n|t:|1776966136\n|move|p1a: Clefable|Bitter Malice|p2a: Glimmora\n|-damage|p2a: Glimmora|15/100\n|-unboost|p2a: Glimmora|atk|1\n|move|p2a: Glimmora|Stealth Rock|p1a: Clefable\n|-sidestart|p1: DBest04|move: Stealth Rock\n|\n|-damage|p1a: Clefable|82/100 tox|[from] psn\n|upkeep\n|turn|3\n|\n|t:|1776966143\n|move|p2a: Glimmora|Spiky Shield|p2a: Glimmora\n|-singleturn|p2a: Glimmora|move: Protect\n|move|p1a: Clefable|Bitter Malice|p2a: Glimmora\n|-activate|p2a: Glimmora|move: Protect\n|\n|-damage|p1a: Clefable|64/100 tox|[from] psn\n|upkeep\n|turn|4\n|\n|t:|1776966147\n|move|p1a: Clefable|Bitter Malice|p2a: Glimmora\n|-damage|p2a: Glimmora|0 fnt\n|faint|p2a: Glimmora\n|\n|-damage|p1a: Clefable|40/100 tox|[from] psn\n|upkeep\n|\n|t:|1776966150\n|switch|p2a: idk|Clefable, L50, F, shiny|100/100\n|turn|5\n|\n|t:|1776966157\n|move|p1a: Clefable|Memento|p2a: idk\n|-unboost|p2a: idk|atk|2\n|-unboost|p2a: idk|spa|2\n|faint|p1a: Clefable\n|move|p2a: idk|Cosmic Power|p2a: idk\n|-boost|p2a: idk|def|1\n|-boost|p2a: idk|spd|1\n|\n|upkeep\n|\n|t:|1776966173\n|switch|p1a: Clefable|Clefable, L50, M|100/100\n|-damage|p1a: Clefable|88/100|[from] Stealth Rock\n|turn|6\n|\n|t:|1776966182\n|move|p2a: idk|Cosmic Power|p2a: idk\n|-boost|p2a: idk|def|1\n|-boost|p2a: idk|spd|1\n|move|p1a: Clefable|Cosmic Power|p1a: Clefable\n|-boost|p1a: Clefable|def|1\n|-boost|p1a: Clefable|spd|1\n|\n|upkeep\n|turn|7\n|\n|t:|1776966185\n|move|p1a: Clefable|Cosmic Power|p1a: Clefable\n|-boost|p1a: Clefable|def|1\n|-boost|p1a: Clefable|spd|1\n|move|p2a: idk|Cosmic Power|p2a: idk\n|-boost|p2a: idk|def|1\n|-boost|p2a: idk|spd|1\n|\n|upkeep\n|turn|8\n|\n|t:|1776966186\n|move|p1a: Clefable|Cosmic Power|p1a: Clefable\n|-boost|p1a: Clefable|def|1\n|-boost|p1a: Clefable|spd|1\n|move|p2a: idk|Cosmic Power|p2a: idk\n|-boost|p2a: idk|def|1\n|-boost|p2a: idk|spd|1\n|\n|upkeep\n|turn|9\n|\n|t:|1776966188\n|move|p1a: Clefable|Cosmic Power|p1a: Clefable\n|-boost|p1a: Clefable|def|1\n|-boost|p1a: Clefable|spd|1\n|move|p2a: idk|Cosmic Power|p2a: idk\n|-boost|p2a: idk|def|1\n|-boost|p2a: idk|spd|1\n|\n|upkeep\n|turn|10\n|\n|t:|1776966189\n|move|p1a: Clefable|Cosmic Power|p1a: Clefable\n|-boost|p1a: Clefable|def|1\n|-boost|p1a: Clefable|spd|1\n|move|p2a: idk|Cosmic Power|p2a: idk\n|-boost|p2a: idk|def|1\n|-boost|p2a: idk|spd|1\n|\n|upkeep\n|turn|11\n|\n|t:|1776966191\n|move|p2a: idk|Stored Power|p1a: Clefable\n|-damage|p1a: Clefable|37/100\n|move|p1a: Clefable|Cosmic Power|p1a: Clefable\n|-boost|p1a: Clefable|def|1\n|-boost|p1a: Clefable|spd|1\n|\n|upkeep\n|turn|12\n|\n|t:|1776966199\n|move|p1a: Clefable|Baton Pass|p1a: Clefable\n|\n|t:|1776966202\n|switch|p1a: Goodra|Goodra-Hisui, L50, F, shiny|100/100|[from] Baton Pass\n|-damage|p1a: Goodra|95/100|[from] Stealth Rock\n|move|p2a: idk|Stored Power|p1a: Goodra\n|-resisted|p1a: Goodra|1\n|-damage|p1a: Goodra|86/100\n|\n|upkeep\n|turn|13\n|\n|t:|1776966223\n|move|p2a: idk|Flamethrower|p1a: Goodra\n|-damage|p1a: Goodra|79/100\n|-status|p1a: Goodra|brn\n|move|p1a: Goodra|Heavy Slam|p2a: idk\n|-supereffective|p2a: idk|1\n|-damage|p2a: idk|92/100\n|\n|-damage|p1a: Goodra|74/100 brn|[from] brn\n|upkeep\n|turn|14\n|\n|t:|1776966237\n|move|p1a: Goodra|Heavy Slam|p2a: idk\n|-supereffective|p2a: idk|1\n|-damage|p2a: idk|84/100\n|move|p2a: idk|Stored Power|p1a: Goodra\n|-resisted|p1a: Goodra|1\n|-damage|p1a: Goodra|65/100 brn\n|\n|-damage|p1a: Goodra|60/100 brn|[from] brn\n|upkeep\n|turn|15\n|\n|t:|1776966239\n|move|p1a: Goodra|Heavy Slam|p2a: idk\n|-supereffective|p2a: idk|1\n|-damage|p2a: idk|74/100\n|move|p2a: idk|Stored Power|p1a: Goodra\n|-resisted|p1a: Goodra|1\n|-damage|p1a: Goodra|51/100 brn\n|\n|-damage|p1a: Goodra|46/100 brn|[from] brn\n|upkeep\n|turn|16\n|\n|t:|1776966241\n|move|p1a: Goodra|Heavy Slam|p2a: idk\n|-supereffective|p2a: idk|1\n|-crit|p2a: idk\n|-damage|p2a: idk|19/100\n|move|p2a: idk|Stored Power|p1a: Goodra\n|-resisted|p1a: Goodra|1\n|-damage|p1a: Goodra|37/100 brn\n|\n|-damage|p1a: Goodra|32/100 brn|[from] brn\n|upkeep\n|turn|17\n|\n|t:|1776966246\n|move|p2a: idk|Moonlight|p2a: idk\n|-heal|p2a: idk|69/100\n|move|p1a: Goodra|Heavy Slam|p2a: idk\n|-supereffective|p2a: idk|1\n|-damage|p2a: idk|60/100\n|\n|-damage|p1a: Goodra|26/100 brn|[from] brn\n|upkeep\n|turn|18\n|\n|t:|1776966248\n|move|p1a: Goodra|Rest|p1a: Goodra\n|-status|p1a: Goodra|slp|[from] move: Rest\n|-heal|p1a: Goodra|100/100 slp|[silent]\n|-enditem|p1a: Goodra|Chesto Berry|[eat]\n|-curestatus|p1a: Goodra|slp|[msg]\n|move|p2a: idk|Moonlight|p2a: idk\n|-heal|p2a: idk|100/100\n|\n|upkeep\n|turn|19\n|\n|t:|1776966250\n|move|p2a: idk|Flamethrower|p1a: Goodra\n|-damage|p1a: Goodra|94/100\n|move|p1a: Goodra|Heavy Slam|p2a: idk\n|-supereffective|p2a: idk|1\n|-damage|p2a: idk|83/100\n|\n|upkeep\n|turn|20\n|\n|t:|1776966252\n|move|p1a: Goodra|Heavy Slam|p2a: idk\n|-supereffective|p2a: idk|1\n|-damage|p2a: idk|65/100\n|move|p2a: idk|Flamethrower|p1a: Goodra\n|-damage|p1a: Goodra|88/100\n|\n|upkeep\n|turn|21\n|\n|t:|1776966255\n|move|p2a: idk|Flamethrower|p1a: Goodra\n|-damage|p1a: Goodra|81/100\n|move|p1a: Goodra|Heavy Slam|p2a: idk\n|-supereffective|p2a: idk|1\n|-damage|p2a: idk|47/100\n|\n|upkeep\n|turn|22\n|\n|t:|1776966258\n|move|p2a: idk|Moonlight|p2a: idk\n|-heal|p2a: idk|97/100\n|move|p1a: Goodra|Heavy Slam|p2a: idk\n|-supereffective|p2a: idk|1\n|-damage|p2a: idk|78/100\n|\n|upkeep\n|turn|23\n|\n|t:|1776966260\n|move|p2a: idk|Flamethrower|p1a: Goodra\n|-damage|p1a: Goodra|74/100\n|move|p1a: Goodra|Body Press|p2a: idk\n|-resisted|p2a: idk|1\n|-damage|p2a: idk|76/100\n|\n|upkeep\n|turn|24\n|\n|t:|1776966263\n|move|p1a: Goodra|Heavy Slam|p2a: idk\n|-supereffective|p2a: idk|1\n|-damage|p2a: idk|58/100\n|move|p2a: idk|Flamethrower|p1a: Goodra\n|-damage|p1a: Goodra|68/100\n|\n|upkeep\n|turn|25\n|\n|t:|1776966265\n|move|p2a: idk|Flamethrower|p1a: Goodra\n|-damage|p1a: Goodra|61/100\n|move|p1a: Goodra|Heavy Slam|p2a: idk\n|-supereffective|p2a: idk|1\n|-damage|p2a: idk|40/100\n|\n|upkeep\n|turn|26\n|\n|t:|1776966268\n|move|p2a: idk|Moonlight|p2a: idk\n|-heal|p2a: idk|90/100\n|move|p1a: Goodra|Heavy Slam|p2a: idk\n|-supereffective|p2a: idk|1\n|-crit|p2a: idk\n|-damage|p2a: idk|0 fnt\n|faint|p2a: idk\n|\n|upkeep\n|c|\u2606DBest04|Wow\n|c|\u2606DBest04|Last lucky crit\n|c|\u2606DBest04|Gg\n|inactive|Palafin Enjoyer has 30 seconds left.\n|inactive|Palafin Enjoyer has 20 seconds left.\n|c|\u2606DBest04|I think i\u2019m gonna try stored power instead of moonblast that\u2019s a good idea\n|inactive|Palafin Enjoyer has 15 seconds left.\n|c|\u2606Palafin Enjoyer|How did a crit go from 55\n|c|\u2606Palafin Enjoyer|to 89\n|inactive|Palafin Enjoyer has 10 seconds left.\n|c|\u2606Palafin Enjoyer|?\n|c|\u2606DBest04|Burn earlier\n|inactive|Palafin Enjoyer has 5 seconds left.\n|c|\u2606Palafin Enjoyer|OOOOOOH\n|\n|t:|1776966323\n|switch|p2a: The Crucible|Aegislash, L50, M, shiny|100/100\n|turn|27\n|c|\u2606Palafin Enjoyer|makes sense\n|c|\u2606Palafin Enjoyer|gg\n|c|\u2606DBest04|Yea rest\n|c|\u2606DBest04|Wait\n|c|\u2606DBest04|I can\u2019t touch this thing\n|c|\u2606DBest04|Lmao\n|c|\u2606DBest04|You win this\n|\n|t:|1776966345\n|move|p2a: The Crucible|Swords Dance|p2a: The Crucible\n|-boost|p2a: The Crucible|atk|2\n|move|p1a: Goodra|Body Press|p2a: The Crucible\n|-immune|p2a: The Crucible\n|\n|upkeep\n|turn|28\n|\n|t:|1776966360\n|move|p2a: The Crucible|Swords Dance|p2a: The Crucible\n|-boost|p2a: The Crucible|atk|2\n|move|p1a: Goodra|Shelter|p1a: Goodra\n|-boost|p1a: Goodra|def|0\n|\n|upkeep\n|turn|29\n|\n|t:|1776966365\n|move|p2a: The Crucible|Swords Dance|p2a: The Crucible\n|-boost|p2a: The Crucible|atk|2\n|move|p1a: Goodra|Body Press|p2a: The Crucible\n|-immune|p2a: The Crucible\n|\n|upkeep\n|turn|30\n|\n|t:|1776966367\n|-formechange|p2a: The Crucible|Aegislash-Blade|\n|move|p2a: The Crucible|Close Combat|p1a: Goodra\n|-supereffective|p1a: Goodra|1\n|-damage|p1a: Goodra|0 fnt\n|-unboost|p2a: The Crucible|def|1\n|-unboost|p2a: The Crucible|spd|1\n|faint|p1a: Goodra\n|\n|upkeep\n|\n|t:|1776966374\n|switch|p1a: Clefable|Clefable, L50, M|37/100\n|-damage|p1a: Clefable|25/100|[from] Stealth Rock\n|turn|31\n|c|\u2606Palafin Enjoyer|dang man\n|\n|t:|1776966384\n|move|p2a: The Crucible|Poltergeist|p1a: Clefable\n|-activate|p1a: Clefable|move: Poltergeist|Clefablite\n|-damage|p1a: Clefable|0 fnt\n|faint|p1a: Clefable\n|\n|win|Palafin Enjoyer\n|raw|DBest04's rating: 1354 &rarr; <strong>1329</strong><br />(-25 for losing)\n|raw|Palafin Enjoyer's rating: 1269 &rarr; <strong>1300</strong><br />(+31 for winning)\n|c|\u2606Palafin Enjoyer|gg\n|c|\u2606DBest04|Gg\n", "uploadtime": 1776966395, "views": 7, "formatid": "gen9championsbssregma", "rating": 1300, "private": 0, "password": null}