{"id": "gen9championsbssregma-2589664187", "format": "[Gen 9 Champions] BSS Reg M-A", "players": ["SpectralSlayer", "karbain"], "log": "|j|\u2606SpectralSlayer\n|j|\u2606karbain\n|t:|1776744583\n|gametype|singles\n|player|p1|SpectralSlayer|n|1318\n|player|p2|karbain|266|1403\n|gen|9\n|tier|[Gen 9 Champions] BSS Reg M-A\n|rated|\n|rule|Species Clause: Limit one of each Pok\u00e9mon\n|rule|Item Clause: Limit 1 of each item\n|clearpoke\n|poke|p1|Delphox, L50, M|\n|poke|p1|Starmie, L50|\n|poke|p1|Ditto, L50|\n|poke|p1|Kleavor, L50, M|\n|poke|p1|Blastoise, L50, F|\n|poke|p1|Primarina, L50, F|\n|poke|p2|Mimikyu, L50, M|\n|poke|p2|Empoleon, L50, M|\n|poke|p2|Charizard, L50, M|\n|poke|p2|Greninja, L50, F|\n|poke|p2|Lucario, L50, F|\n|poke|p2|Garchomp, L50, F|\n|teampreview|3\n|inactive|Battle timer is ON: inactive players will automatically lose when time's up. (requested by SpectralSlayer)\n|\n|t:|1776744615\n|teamsize|p1|3\n|teamsize|p2|3\n|start\n|switch|p1a: Kleavor|Kleavor, L50, M|100/100\n|switch|p2a: Empoleon|Empoleon, L50, M|100/100\n|turn|1\n|\n|t:|1776744623\n|move|p1a: Kleavor|Stone Axe|p2a: Empoleon\n|-resisted|p2a: Empoleon|1\n|-damage|p2a: Empoleon|76/100\n|-sidestart|p2: karbain|move: Stealth Rock\n|move|p2a: Empoleon|Stealth Rock|p1a: Kleavor\n|-sidestart|p1: SpectralSlayer|move: Stealth Rock\n|\n|upkeep\n|turn|2\n|j| p74\n|\n|t:|1776744629\n|move|p1a: Kleavor|Close Combat|p2a: Empoleon\n|-supereffective|p2a: Empoleon|1\n|-damage|p2a: Empoleon|4/100\n|-unboost|p1a: Kleavor|def|1\n|-unboost|p1a: Kleavor|spd|1\n|-enditem|p2a: Empoleon|Sitrus Berry|[eat]\n|-heal|p2a: Empoleon|29/100|[from] item: Sitrus Berry\n|move|p2a: Empoleon|Yawn|p1a: Kleavor\n|-start|p1a: Kleavor|move: Yawn|[of] p2a: Empoleon\n|\n|upkeep\n|turn|3\n|\n|t:|1776744643\n|move|p1a: Kleavor|Close Combat|p2a: Empoleon\n|-supereffective|p2a: Empoleon|1\n|-damage|p2a: Empoleon|0 fnt\n|-unboost|p1a: Kleavor|def|1\n|-unboost|p1a: Kleavor|spd|1\n|faint|p2a: Empoleon\n|\n|-end|p1a: Kleavor|move: Yawn|[silent]\n|-status|p1a: Kleavor|slp\n|upkeep\n|\n|t:|1776744651\n|switch|p2a: Mimikyu|Mimikyu, L50, M|100/100\n|-damage|p2a: Mimikyu|89/100|[from] Stealth Rock\n|turn|4\n|\n|t:|1776744655\n|cant|p1a: Kleavor|slp\n|move|p2a: Mimikyu|Swords Dance|p2a: Mimikyu\n|-boost|p2a: Mimikyu|atk|2\n|\n|upkeep\n|turn|5\n|\n|t:|1776744661\n|move|p2a: Mimikyu|Shadow Sneak|p1a: Kleavor\n|-damage|p1a: Kleavor|12/100 slp\n|-curestatus|p1a: Kleavor|slp|[msg]\n|move|p1a: Kleavor|Stone Axe|p2a: Mimikyu\n|-activate|p2a: Mimikyu|ability: Disguise\n|-damage|p2a: Mimikyu|89/100\n|detailschange|p2a: Mimikyu|Mimikyu-Busted, L50, M\n|-damage|p2a: Mimikyu|77/100|[from] pokemon: Mimikyu-Busted\n|\n|upkeep\n|turn|6\n|\n|t:|1776744670\n|move|p2a: Mimikyu|Shadow Sneak|p1a: Kleavor\n|-damage|p1a: Kleavor|0 fnt\n|faint|p1a: Kleavor\n|\n|upkeep\n|\n|t:|1776744672\n|switch|p1a: Ditto|Ditto, L50|100/100\n|-damage|p1a: Ditto|88/100|[from] Stealth Rock\n|-transform|p1a: Ditto|p2a: Mimikyu|[from] ability: Imposter\n|turn|7\n|\n|t:|1776744682\n|move|p1a: Ditto|Shadow Sneak|p2a: Mimikyu\n|-supereffective|p2a: Mimikyu|1\n|-damage|p2a: Mimikyu|4/100\n|move|p2a: Mimikyu|Play Rough|p1a: Ditto\n|-damage|p1a: Ditto|9/100\n|\n|upkeep\n|turn|8\n|\n|t:|1776744689\n|move|p1a: Ditto|Shadow Sneak|p2a: Mimikyu\n|-supereffective|p2a: Mimikyu|1\n|-damage|p2a: Mimikyu|0 fnt\n|faint|p2a: Mimikyu\n|\n|upkeep\n|\n|t:|1776744692\n|switch|p2a: Garchomp|Garchomp, L50, F|100/100\n|-damage|p2a: Garchomp|95/100|[from] Stealth Rock\n|turn|9\n|\n|t:|1776744702\n|move|p1a: Ditto|Shadow Sneak|p2a: Garchomp\n|-crit|p2a: Garchomp\n|-damage|p2a: Garchomp|47/100\n|-damage|p1a: Ditto|0 fnt|[from] ability: Rough Skin|[of] p2a: Garchomp\n|faint|p1a: Ditto\n|move|p2a: Garchomp|Outrage|p1: Ditto|[notarget]\n|-fail|p2a: Garchomp\n|\n|upkeep\n|\n|t:|1776744708\n|switch|p1a: Delphox|Delphox, L50, M|100/100\n|-damage|p1a: Delphox|75/100|[from] Stealth Rock\n|turn|10\n|\n|t:|1776744712\n|detailschange|p1a: Delphox|Delphox-Mega, L50, M\n|-mega|p1a: Delphox|Delphox|Delphoxite\n|move|p2a: Garchomp|Outrage|p1a: Delphox\n|-damage|p1a: Delphox|0 fnt\n|faint|p1a: Delphox\n|\n|win|karbain\n|raw|SpectralSlayer's rating: 1318 &rarr; <strong>1303</strong><br />(-15 for losing)\n|raw|karbain's rating: 1403 &rarr; <strong>1418</strong><br />(+15 for winning)\n|l|\u2606SpectralSlayer\n|player|p1|\n|l|\u2606karbain\n|player|p2|\n", "uploadtime": 1776744781, "views": 0, "formatid": "gen9championsbssregma", "rating": 1303, "private": 0, "password": null}