{"id": "gen9championsbssregma-2594755530", "format": "[Gen 9 Champions] BSS Reg M-A", "players": ["afdaadsasddadas", "bizarman"], "log": "|badge|p2|bronze|gen9ru|100-9\n|uhtml|medal-msg|<div class=\"broadcast-blue\">Curious what those medals under the avatar are? PS now has Ladder Seasons! For more information, check out the <a href=\"https://www.smogon.com/forums/threads/3740067/\">thread on Smogon.</a></div>\n|j|\u2606afdaadsasddadas\n|j|\u2606bizarman\n|t:|1777230345\n|gametype|singles\n|player|p1|afdaadsasddadas|101|1197\n|player|p2|bizarman|scientist-gen4|1267\n|gen|9\n|tier|[Gen 9 Champions] BSS Reg M-A\n|rated|\n|rule|Species Clause: Limit one of each Pok\u00e9mon\n|rule|Item Clause: Limit 1 of each item\n|clearpoke\n|poke|p1|Primarina, L50, M|\n|poke|p1|Tyranitar, L50, M|\n|poke|p1|Scizor, L50, M|\n|poke|p1|Hippowdon, L50, M|\n|poke|p1|Charizard, L50, F|\n|poke|p1|Venusaur, L50, F|\n|poke|p2|Gengar, L50, M|\n|poke|p2|Meganium, L50, F|\n|poke|p2|Gyarados, L50, F|\n|poke|p2|Garchomp, L50, F|\n|poke|p2|Sneasler, L50, F|\n|poke|p2|Volcarona, L50, M|\n|teampreview|3\n|inactive|Battle timer is ON: inactive players will automatically lose when time's up. (requested by afdaadsasddadas)\n|\n|t:|1777230389\n|teamsize|p1|3\n|teamsize|p2|3\n|start\n|switch|p1a: Hippowdon|Hippowdon, L50, M|100/100\n|switch|p2a: Volcarona|Volcarona, L50, M|100/100\n|-weather|Sandstorm|[from] ability: Sand Stream|[of] p1a: Hippowdon\n|turn|1\n|\n|t:|1777230406\n|move|p2a: Volcarona|Quiver Dance|p2a: Volcarona\n|-boost|p2a: Volcarona|spa|1\n|-boost|p2a: Volcarona|spd|1\n|-boost|p2a: Volcarona|spe|1\n|move|p1a: Hippowdon|Yawn|p2a: Volcarona\n|-start|p2a: Volcarona|move: Yawn|[of] p1a: Hippowdon\n|\n|-weather|Sandstorm|[upkeep]\n|-damage|p2a: Volcarona|93/100|[from] Sandstorm\n|upkeep\n|turn|2\n|\n|t:|1777230410\n|switch|p1a: Charizard|Charizard, L50, F|100/100\n|move|p2a: Volcarona|Giga Drain|p1a: Charizard\n|-resisted|p1a: Charizard|2\n|-damage|p1a: Charizard|89/100\n|-heal|p2a: Volcarona|100/100|[from] drain|[of] p1a: Charizard\n|\n|-weather|Sandstorm|[upkeep]\n|-damage|p2a: Volcarona|93/100|[from] Sandstorm\n|-damage|p1a: Charizard|83/100|[from] Sandstorm\n|-end|p2a: Volcarona|move: Yawn|[silent]\n|-status|p2a: Volcarona|slp\n|upkeep\n|turn|3\n|\n|t:|1777230418\n|switch|p2a: Sneasler|Sneasler, L50, F|100/100\n|detailschange|p1a: Charizard|Charizard-Mega-X, L50, F\n|-mega|p1a: Charizard|Charizard|Charizardite X\n|move|p1a: Charizard|Rock Tomb|p2a: Sneasler\n|-resisted|p2a: Sneasler|1\n|-damage|p2a: Sneasler|85/100\n|-unboost|p2a: Sneasler|spe|1\n|-enditem|p2a: Sneasler|White Herb\n|-clearnegativeboost|p2a: Sneasler|[silent]\n|\n|-weather|Sandstorm|[upkeep]\n|-damage|p2a: Sneasler|79/100|[from] Sandstorm\n|-damage|p1a: Charizard|77/100|[from] Sandstorm\n|upkeep\n|turn|4\n|\n|t:|1777230428\n|switch|p1a: Hippowdon|Hippowdon, L50, M|100/100\n|move|p2a: Sneasler|Close Combat|p1a: Hippowdon\n|-damage|p1a: Hippowdon|51/100\n|-unboost|p2a: Sneasler|def|1\n|-unboost|p2a: Sneasler|spd|1\n|\n|-weather|Sandstorm|[upkeep]\n|-damage|p2a: Sneasler|73/100|[from] Sandstorm\n|upkeep\n|turn|5\n|\n|t:|1777230437\n|move|p2a: Sneasler|Dire Claw|p1a: Hippowdon\n|-resisted|p1a: Hippowdon|1\n|-damage|p1a: Hippowdon|35/100\n|move|p1a: Hippowdon|Earthquake|p2a: Sneasler\n|-supereffective|p2a: Sneasler|1\n|-damage|p2a: Sneasler|0 fnt\n|faint|p2a: Sneasler\n|\n|-weather|none\n|upkeep\n|\n|t:|1777230446\n|switch|p2a: Meganium|Meganium, L50, F|100/100\n|turn|6\n|\n|t:|1777230449\n|detailschange|p2a: Meganium|Meganium-Mega, L50, F\n|-mega|p2a: Meganium|Meganium|Meganiumite\n|move|p2a: Meganium|Dazzling Gleam|p1a: Hippowdon\n|-damage|p1a: Hippowdon|2/100\n|move|p1a: Hippowdon|Yawn|p2a: Meganium\n|-start|p2a: Meganium|move: Yawn|[of] p1a: Hippowdon\n|\n|upkeep\n|turn|7\n|\n|t:|1777230459\n|switch|p2a: Volcarona|Volcarona, L50, M|93/100 slp\n|move|p1a: Hippowdon|Earthquake|p2a: Volcarona\n|-damage|p2a: Volcarona|51/100 slp\n|\n|upkeep\n|turn|8\n|c|\u2606bizarman|pathetic\n|c|\u2606bizarman|really\n|c|\u2606bizarman|not a kill\n|\n|t:|1777230470\n|switch|p2a: Meganium|Meganium-Mega, L50, F|100/100\n|move|p1a: Hippowdon|Earthquake|p2a: Meganium\n|-resisted|p2a: Meganium|1\n|-damage|p2a: Meganium|80/100\n|\n|upkeep\n|turn|9\n|\n|t:|1777230478\n|move|p2a: Meganium|Dazzling Gleam|p1a: Hippowdon\n|-damage|p1a: Hippowdon|0 fnt\n|faint|p1a: Hippowdon\n|\n|upkeep\n|\n|t:|1777230483\n|switch|p1a: Charizard|Charizard-Mega-X, L50, F|77/100\n|turn|10\n|\n|t:|1777230488\n|move|p1a: Charizard|Flare Blitz|p2a: Meganium\n|-supereffective|p2a: Meganium|1\n|-damage|p2a: Meganium|0 fnt\n|faint|p2a: Meganium\n|-damage|p1a: Charizard|55/100|[from] Recoil\n|\n|upkeep\n|-message|bizarman forfeited.\n|\n|win|afdaadsasddadas\n|raw|afdaadsasddadas's rating: 1197 &rarr; <strong>1227</strong><br />(+30 for winning)\n|raw|bizarman's rating: 1267 &rarr; <strong>1237</strong><br />(-30 for losing)\n|l|\u2606bizarman\n|player|p2|\n", "uploadtime": 1777230492, "views": 2, "formatid": "gen9championsbssregma", "rating": 1227, "private": 0, "password": null}