{"id": "gen9championsbssregma-2591876357", "format": "[Gen 9 Champions] BSS Reg M-A", "players": ["zakokr", "MyAwesomeSon"], "log": "|j|\u2606zakokr\n|j|\u203dMyAwesomeSon\n|t:|1776947777\n|gametype|singles\n|player|p1|zakokr|silver|1273\n|player|p2|MyAwesomeSon|red|1179\n|gen|9\n|tier|[Gen 9 Champions] BSS Reg M-A\n|rated|\n|rule|Species Clause: Limit one of each Pok\u00e9mon\n|rule|Item Clause: Limit 1 of each item\n|clearpoke\n|poke|p1|Chimecho, L50, M|\n|poke|p1|Meowscarada, L50, F|\n|poke|p1|Glimmora, L50, M|\n|poke|p1|Emboar, L50, M|\n|poke|p1|Umbreon, L50, F|\n|poke|p1|Primarina, L50, M|\n|poke|p2|Charizard, L50, M|\n|poke|p2|Raichu, L50, M, shiny|\n|poke|p2|Garchomp, L50, M|\n|poke|p2|Milotic, L50, F|\n|poke|p2|Machamp, L50, M, shiny|\n|poke|p2|Starmie, L50, shiny|\n|teampreview|3\n|inactive|Battle timer is ON: inactive players will automatically lose when time's up. (requested by MyAwesomeSon)\n|inactive|zakokr has 60 seconds left.\n|\n|t:|1776947851\n|teamsize|p1|3\n|teamsize|p2|3\n|start\n|switch|p1a: Primarina|Primarina, L50, M|100/100\n|switch|p2a: Raichu|Raichu, L50, M, shiny|100/100\n|turn|1\n|\n|t:|1776947864\n|switch|p1a: Umbreon|Umbreon, L50, F|100/100\n|move|p2a: Raichu|Fake Out|p1a: Umbreon\n|-damage|p1a: Umbreon|95/100\n|\n|-heal|p1a: Umbreon|100/100|[from] item: Leftovers\n|upkeep\n|turn|2\n|\n|t:|1776947878\n|move|p2a: Raichu|Nuzzle|p1a: Umbreon\n|-damage|p1a: Umbreon|96/100\n|-status|p1a: Umbreon|par\n|-activate|p1a: Umbreon|ability: Synchronize\n|-immune|p2a: Raichu\n|move|p1a: Umbreon|Yawn|p2a: Raichu\n|-start|p2a: Raichu|move: Yawn|[of] p1a: Umbreon\n|\n|-heal|p1a: Umbreon|100/100 par|[from] item: Leftovers\n|upkeep\n|turn|3\n|\n|t:|1776947892\n|move|p2a: Raichu|Encore|p1a: Umbreon\n|-start|p1a: Umbreon|Encore\n|move|p1a: Umbreon|Yawn||[still]\n|-fail|p1a: Umbreon\n|\n|-end|p2a: Raichu|move: Yawn|[silent]\n|-status|p2a: Raichu|slp\n|upkeep\n|turn|4\n|\n|t:|1776947902\n|switch|p1a: Emboar|Emboar, L50, M|100/100\n|cant|p2a: Raichu|slp\n|\n|upkeep\n|turn|5\n|\n|t:|1776947909\n|detailschange|p1a: Emboar|Emboar-Mega, L50, M\n|-mega|p1a: Emboar|Emboar|Emboarite\n|-ability|p1a: Emboar|Mold Breaker\n|-curestatus|p2a: Raichu|slp|[msg]\n|move|p2a: Raichu|Nuzzle|p1a: Emboar\n|-damage|p1a: Emboar|91/100\n|-status|p1a: Emboar|par\n|move|p1a: Emboar|Flame Charge|p2a: Raichu\n|-damage|p2a: Raichu|45/100\n|-boost|p1a: Emboar|spe|1\n|\n|upkeep\n|turn|6\n|\n|t:|1776947924\n|move|p2a: Raichu|Volt Switch|p1a: Emboar\n|-damage|p1a: Emboar|70/100 par\n|\n|t:|1776947929\n|switch|p2a: Starmie|Starmie, L50, shiny|100/100|[from] Volt Switch\n|move|p1a: Emboar|Flame Charge|p2a: Starmie\n|-resisted|p2a: Starmie|1\n|-damage|p2a: Starmie|78/100\n|-boost|p1a: Emboar|spe|1\n|\n|upkeep\n|turn|7\n|\n|t:|1776947947\n|switch|p1a: Umbreon|Umbreon, L50, F|100/100 par\n|detailschange|p2a: Starmie|Starmie-Mega, L50, shiny\n|-mega|p2a: Starmie|Starmie|Starminite\n|move|p2a: Starmie|Liquidation|p1a: Umbreon\n|-damage|p1a: Umbreon|53/100 par\n|\n|-heal|p1a: Umbreon|59/100 par|[from] item: Leftovers\n|upkeep\n|turn|8\n|inactive|MyAwesomeSon has 30 seconds left.\n|\n|t:|1776947973\n|move|p2a: Starmie|Liquidation|p1a: Umbreon\n|-damage|p1a: Umbreon|17/100 par\n|-unboost|p1a: Umbreon|def|1\n|move|p1a: Umbreon|Yawn|p2a: Starmie\n|-start|p2a: Starmie|move: Yawn|[of] p1a: Umbreon\n|\n|-heal|p1a: Umbreon|23/100 par|[from] item: Leftovers\n|upkeep\n|turn|9\n|\n|t:|1776947983\n|switch|p2a: Machamp|Machamp, L50, M, shiny|100/100\n|switch|p1a: Emboar|Emboar-Mega, L50, M|70/100 par\n|-ability|p1a: Emboar|Mold Breaker\n|\n|upkeep\n|turn|10\n|\n|t:|1776947993\n|move|p2a: Machamp|Dynamic Punch|p1a: Emboar\n|-damage|p1a: Emboar|0 fnt\n|faint|p1a: Emboar\n|\n|upkeep\n|\n|t:|1776947999\n|switch|p1a: Primarina|Primarina, L50, M|100/100\n|turn|11\n|\n|t:|1776948021\n|move|p2a: Machamp|Bullet Punch|p1a: Primarina\n|-damage|p1a: Primarina|84/100\n|move|p1a: Primarina|Moonblast|p2a: Machamp\n|-supereffective|p2a: Machamp|1\n|-damage|p2a: Machamp|9/100\n|\n|upkeep\n|turn|12\n|\n|t:|1776948030\n|move|p1a: Primarina|Aqua Jet|p2a: Machamp\n|-damage|p2a: Machamp|0 fnt\n|faint|p2a: Machamp\n|\n|upkeep\n|\n|t:|1776948035\n|switch|p2a: Raichu|Raichu, L50, M, shiny|45/100\n|turn|13\n|\n|t:|1776948046\n|move|p2a: Raichu|Fake Out|p1a: Primarina\n|-crit|p1a: Primarina\n|-damage|p1a: Primarina|67/100\n|cant|p1a: Primarina|flinch\n|\n|upkeep\n|turn|14\n|\n|t:|1776948056\n|move|p2a: Raichu|Nuzzle|p1a: Primarina\n|-supereffective|p1a: Primarina|1\n|-damage|p1a: Primarina|50/100\n|-status|p1a: Primarina|par\n|-enditem|p1a: Primarina|Sitrus Berry|[eat]\n|-heal|p1a: Primarina|74/100 par|[from] item: Sitrus Berry\n|move|p1a: Primarina|Moonblast|p2a: Raichu\n|-damage|p2a: Raichu|0 fnt\n|faint|p2a: Raichu\n|\n|upkeep\n|\n|t:|1776948066\n|switch|p2a: Starmie|Starmie-Mega, L50, shiny|78/100\n|turn|15\n|\n|t:|1776948079\n|move|p2a: Starmie|Liquidation|p1a: Primarina\n|-resisted|p1a: Primarina|1\n|-damage|p1a: Primarina|32/100 par\n|move|p1a: Primarina|Perish Song|p1a: Primarina\n|-start|p1a: Primarina|perish3|[silent]\n|-start|p2a: Starmie|perish3|[silent]\n|-fieldactivate|move: Perish Song\n|\n|-start|p2a: Starmie|perish3\n|-start|p1a: Primarina|perish3\n|upkeep\n|turn|16\n|\n|t:|1776948092\n|move|p1a: Primarina|Aqua Jet|p2a: Starmie\n|-resisted|p2a: Starmie|1\n|-damage|p2a: Starmie|69/100\n|move|p2a: Starmie|Liquidation|p1a: Primarina\n|-resisted|p1a: Primarina|1\n|-crit|p1a: Primarina\n|-damage|p1a: Primarina|0 fnt\n|faint|p1a: Primarina\n|\n|-start|p2a: Starmie|perish2\n|upkeep\n|\n|t:|1776948103\n|switch|p1a: Umbreon|Umbreon, L50, F|23/100 par\n|turn|17\n|\n|t:|1776948107\n|move|p1a: Umbreon|Protect|p1a: Umbreon\n|-singleturn|p1a: Umbreon|Protect\n|move|p2a: Starmie|Liquidation|p1a: Umbreon\n|-activate|p1a: Umbreon|move: Protect\n|\n|-heal|p1a: Umbreon|29/100 par|[from] item: Leftovers\n|-start|p2a: Starmie|perish1\n|upkeep\n|turn|18\n|\n|t:|1776948117\n|move|p1a: Umbreon|Protect|p1a: Umbreon\n|-singleturn|p1a: Umbreon|Protect\n|move|p2a: Starmie|Liquidation|p1a: Umbreon\n|-activate|p1a: Umbreon|move: Protect\n|\n|-heal|p1a: Umbreon|35/100 par|[from] item: Leftovers\n|-start|p2a: Starmie|perish0\n|faint|p2a: Starmie\n|\n|win|zakokr\n|raw|zakokr's rating: 1273 &rarr; <strong>1291</strong><br />(+18 for winning)\n|raw|MyAwesomeSon's rating: 1179 &rarr; <strong>1161</strong><br />(-18 for losing)\n", "uploadtime": 1776948127, "views": 15, "formatid": "gen9championsbssregma", "rating": 1161, "private": 0, "password": null}