{"id": "gen9championsbssregma-2591352666", "format": "[Gen 9 Champions] BSS Reg M-A", "players": ["reschews", "Sn0rlaxmain"], "log": "|j|\u2606reschews\n|j|\u2606Sn0rlaxmain\n|t:|1776891796\n|gametype|singles\n|player|p1|reschews|artist-gen4|1143\n|player|p2|Sn0rlaxmain|169|1220\n|gen|9\n|tier|[Gen 9 Champions] BSS Reg M-A\n|rated|\n|rule|Species Clause: Limit one of each Pok\u00e9mon\n|rule|Item Clause: Limit 1 of each item\n|clearpoke\n|poke|p1|Whimsicott, L50, M|\n|poke|p1|Dragapult, L50, F|\n|poke|p1|Pelipper, L50, F|\n|poke|p1|Basculegion, L50, M|\n|poke|p1|Tauros-Paldea-Blaze, L50, M|\n|poke|p1|Gengar, L50, F|\n|poke|p2|Victreebel, L50, F|\n|poke|p2|Garchomp, L50, F|\n|poke|p2|Aegislash, L50, F|\n|poke|p2|Clefable, L50, F|\n|poke|p2|Primarina, L50, M|\n|poke|p2|Glimmora, L50, F|\n|teampreview|3\n|inactive|Battle timer is ON: inactive players will automatically lose when time's up. (requested by reschews)\n|\n|t:|1776891832\n|teamsize|p1|3\n|teamsize|p2|3\n|start\n|switch|p1a: Whimsicott|Whimsicott, L50, M|100/100\n|switch|p2a: Primarina|Primarina, L50, M|100/100\n|turn|1\n|\n|t:|1776891839\n|move|p1a: Whimsicott|Tailwind|p1a: Whimsicott\n|-sidestart|p1: reschews|move: Tailwind\n|move|p2a: Primarina|Moonblast|p1a: Whimsicott\n|-damage|p1a: Whimsicott|12/100\n|\n|upkeep\n|turn|2\n|\n|t:|1776891845\n|move|p1a: Whimsicott|Endeavor|p2a: Primarina\n|-damage|p2a: Primarina|9/100\n|move|p2a: Primarina|Moonblast|p1a: Whimsicott\n|-damage|p1a: Whimsicott|0 fnt\n|faint|p1a: Whimsicott\n|\n|-heal|p2a: Primarina|14/100|[from] item: Leftovers\n|upkeep\n|\n|t:|1776891857\n|switch|p1a: Basculegion|Basculegion, L50, M|100/100\n|turn|3\n|\n|t:|1776891861\n|move|p2a: Primarina|Aqua Jet|p1a: Basculegion\n|-resisted|p1a: Basculegion|1\n|-damage|p1a: Basculegion|94/100\n|move|p1a: Basculegion|Last Respects|p2a: Primarina\n|-damage|p2a: Primarina|0 fnt\n|faint|p2a: Primarina\n|\n|upkeep\n|\n|t:|1776891864\n|switch|p2a: Aegislash|Aegislash, L50, F|100/100\n|turn|4\n|\n|t:|1776891871\n|move|p1a: Basculegion|Last Respects|p2a: Aegislash\n|-supereffective|p2a: Aegislash|1\n|-enditem|p2a: Aegislash|Focus Sash\n|-damage|p2a: Aegislash|1/100\n|-formechange|p2a: Aegislash|Aegislash-Blade|\n|move|p2a: Aegislash|Poltergeist|p1a: Basculegion\n|-activate|p1a: Basculegion|move: Poltergeist|Choice Scarf\n|-supereffective|p1a: Basculegion|1\n|-damage|p1a: Basculegion|0 fnt\n|faint|p1a: Basculegion\n|\n|-sideend|p1: reschews|move: Tailwind\n|upkeep\n|\n|t:|1776891884\n|switch|p1a: Pelipper|Pelipper, L50, F|100/100\n|-weather|RainDance|[from] ability: Drizzle|[of] p1a: Pelipper\n|turn|5\n|\n|t:|1776891890\n|move|p2a: Aegislash|Shadow Sneak|p1a: Pelipper\n|-damage|p1a: Pelipper|71/100\n|move|p1a: Pelipper|Ice Beam|p2a: Aegislash\n|-resisted|p2a: Aegislash|1\n|-damage|p2a: Aegislash|0 fnt\n|faint|p2a: Aegislash\n|\n|-weather|RainDance|[upkeep]\n|upkeep\n|\n|t:|1776891893\n|switch|p2a: Glimmora|Glimmora, L50, F|100/100\n|turn|6\n|\n|t:|1776891904\n|detailschange|p2a: Glimmora|Glimmora-Mega, L50, F\n|-mega|p2a: Glimmora|Glimmora|Glimmoranite\n|move|p2a: Glimmora|Power Gem|p1a: Pelipper\n|-supereffective|p1a: Pelipper|1\n|-damage|p1a: Pelipper|0 fnt\n|faint|p1a: Pelipper\n|\n|win|Sn0rlaxmain\n|raw|reschews's rating: 1143 &rarr; <strong>1123</strong><br />(-20 for losing)\n|raw|Sn0rlaxmain's rating: 1220 &rarr; <strong>1240</strong><br />(+20 for winning)\n|l|\u2606reschews\n|player|p1|\n", "uploadtime": 1776891910, "views": 14, "formatid": "gen9championsbssregma", "rating": 1123, "private": 0, "password": null}