{"id": "gen9championsbssregma-2589978543", "format": "[Gen 9 Champions] BSS Reg M-A", "players": ["Cata1ys7", "gshs5"], "log": "|j|\u2606Cata1ys7\n|j|\u2606gshs5\n|t:|1776778825\n|gametype|singles\n|player|p1|Cata1ys7|steven-masters2|1141\n|player|p2|gshs5|101|1193\n|gen|9\n|tier|[Gen 9 Champions] BSS Reg M-A\n|rated|\n|rule|Species Clause: Limit one of each Pok\u00e9mon\n|rule|Item Clause: Limit 1 of each item\n|clearpoke\n|poke|p1|Garchomp, L50, F|\n|poke|p1|Whimsicott, L50, F|\n|poke|p1|Alakazam, L50, M|\n|poke|p1|Kingambit, L50, M|\n|poke|p1|Garganacl, L50, F|\n|poke|p1|Typhlosion-Hisui, L50, F|\n|poke|p2|Venusaur, L50, F|\n|poke|p2|Hippowdon, L50, M|\n|poke|p2|Aegislash, L50, F|\n|poke|p2|Altaria, L50, F|\n|poke|p2|Rotom-Wash, L50|\n|poke|p2|Sylveon, L50, F|\n|teampreview|3\n|inactive|Battle timer is ON: inactive players will automatically lose when time's up. (requested by Cata1ys7)\n|inactive|gshs5 has 60 seconds left.\n|\n|t:|1776778861\n|teamsize|p1|3\n|teamsize|p2|3\n|start\n|switch|p1a: Whimsicott|Whimsicott, L50, F|100/100\n|switch|p2a: Sylveon|Sylveon, L50, F|100/100\n|turn|1\n|\n|t:|1776778869\n|move|p1a: Whimsicott|Tailwind|p1a: Whimsicott\n|-sidestart|p1: Cata1ys7|move: Tailwind\n|move|p2a: Sylveon|Mystical Fire|p1a: Whimsicott\n|-supereffective|p1a: Whimsicott|1\n|-damage|p1a: Whimsicott|31/100\n|-unboost|p1a: Whimsicott|spa|1\n|\n|upkeep\n|turn|2\n|\n|t:|1776778879\n|move|p1a: Whimsicott|Memento|p2a: Sylveon\n|-unboost|p2a: Sylveon|atk|2\n|-unboost|p2a: Sylveon|spa|2\n|faint|p1a: Whimsicott\n|move|p2a: Sylveon|Hyper Voice|p1: Whimsicott|[notarget]\n|-fail|p2a: Sylveon\n|\n|upkeep\n|\n|t:|1776778889\n|switch|p1a: Garchomp|Garchomp, L50, F|100/100\n|turn|3\n|\n|t:|1776778895\n|move|p1a: Garchomp|Swords Dance|p1a: Garchomp\n|-boost|p1a: Garchomp|atk|2\n|move|p2a: Sylveon|Hyper Voice|p1a: Garchomp\n|-supereffective|p1a: Garchomp|1\n|-damage|p1a: Garchomp|55/100\n|\n|upkeep\n|turn|4\n|\n|t:|1776778906\n|detailschange|p1a: Garchomp|Garchomp-Mega, L50, F\n|-mega|p1a: Garchomp|Garchomp|Garchompite\n|move|p1a: Garchomp|Poison Jab|p2a: Sylveon\n|-supereffective|p2a: Sylveon|1\n|-crit|p2a: Sylveon\n|-damage|p2a: Sylveon|0 fnt\n|faint|p2a: Sylveon\n|\n|-sideend|p1: Cata1ys7|move: Tailwind\n|upkeep\n|\n|t:|1776778910\n|switch|p2a: Hippowdon|Hippowdon, L50, M|100/100\n|-weather|Sandstorm|[from] ability: Sand Stream|[of] p2a: Hippowdon\n|turn|5\n|\n|t:|1776778919\n|move|p1a: Garchomp|Earthquake|p2a: Hippowdon\n|-damage|p2a: Hippowdon|0 fnt\n|faint|p2a: Hippowdon\n|\n|-weather|Sandstorm|[upkeep]\n|upkeep\n|\n|t:|1776778921\n|switch|p2a: Altaria|Altaria, L50, F|100/100\n|-ability|p2a: Altaria|Cloud Nine\n|turn|6\n|\n|t:|1776778932\n|detailschange|p2a: Altaria|Altaria-Mega, L50, F\n|-mega|p2a: Altaria|Altaria|Altarianite\n|move|p1a: Garchomp|Dragon Claw|p2a: Altaria\n|-immune|p2a: Altaria\n|move|p2a: Altaria|Dragon Dance|p2a: Altaria\n|-boost|p2a: Altaria|atk|1\n|-boost|p2a: Altaria|spe|1\n|\n|-weather|Sandstorm|[upkeep]\n|-damage|p2a: Altaria|95/100|[from] Sandstorm\n|upkeep\n|turn|7\n|\n|t:|1776778947\n|move|p2a: Altaria|Double-Edge|p1a: Garchomp\n|-supereffective|p1a: Garchomp|1\n|-damage|p1a: Garchomp|0 fnt\n|faint|p1a: Garchomp\n|-damage|p2a: Altaria|73/100|[from] Recoil\n|\n|-weather|Sandstorm|[upkeep]\n|-damage|p2a: Altaria|67/100|[from] Sandstorm\n|upkeep\n|\n|t:|1776778957\n|switch|p1a: Kingambit|Kingambit, L50, M|100/100\n|-activate|p1a: Kingambit|ability: Supreme Overlord\n|-start|p1a: Kingambit|fallen2|[silent]\n|turn|8\n|\n|t:|1776778966\n|move|p2a: Altaria|Earthquake|p1a: Kingambit\n|-supereffective|p1a: Kingambit|1\n|-damage|p1a: Kingambit|19/100\n|move|p1a: Kingambit|Iron Head|p2a: Altaria\n|-supereffective|p2a: Altaria|1\n|-damage|p2a: Altaria|0 fnt\n|faint|p2a: Altaria\n|\n|win|Cata1ys7\n|raw|Cata1ys7's rating: 1141 &rarr; <strong>1170</strong><br />(+29 for winning)\n|raw|gshs5's rating: 1193 &rarr; <strong>1164</strong><br />(-29 for losing)\n", "uploadtime": 1776778970, "views": 1, "formatid": "gen9championsbssregma", "rating": 1164, "private": 0, "password": null}