{"id": "gen9championsbssregma-2591838645", "format": "[Gen 9 Champions] BSS Reg M-A", "players": ["Keyan_Sans", "Gariva"], "log": "|j|\u2606Keyan_Sans\n|j|\u2606Gariva\n|t:|1776944177\n|gametype|singles\n|player|p1|Keyan_Sans|hugh|1282\n|player|p2|Gariva|2|1372\n|gen|9\n|tier|[Gen 9 Champions] BSS Reg M-A\n|rated|\n|rule|Species Clause: Limit one of each Pok\u00e9mon\n|rule|Item Clause: Limit 1 of each item\n|clearpoke\n|poke|p1|Blastoise, L50, F|\n|poke|p1|Ninetales-Alola, L50, F|\n|poke|p1|Garchomp, L50, F|\n|poke|p1|Volcarona, L50, F|\n|poke|p1|Sneasler, L50, M|\n|poke|p1|Scizor, L50, F|\n|poke|p2|Corviknight, L50, M|\n|poke|p2|Dragonite, L50, M|\n|poke|p2|Hatterene, L50, F|\n|poke|p2|Kleavor, L50, M|\n|poke|p2|Gardevoir, L50, F|\n|poke|p2|Gyarados, L50, F|\n|teampreview|3\n|inactive|Battle timer is ON: inactive players will automatically lose when time's up. (requested by Gariva)\n|l|\u2606Gariva\n|inactive|Gariva disconnected and has a minute to reconnect!\n|player|p2|\n|inactive|Keyan_Sans has 60 seconds left.\n|inactive|Keyan_Sans has 30 seconds left.\n|j|\u2606Gariva\n|inactive|Gariva reconnected.\n|player|p2|Gariva|2|\n|inactive|Keyan_Sans has 20 seconds left.\n|inactive|Keyan_Sans has 15 seconds left.\n|inactive|Keyan_Sans has 10 seconds left.\n|\n|t:|1776944277\n|teamsize|p1|3\n|teamsize|p2|3\n|start\n|switch|p1a: Garchomp|Garchomp, L50, F|100/100\n|switch|p2a: Kleavor|Kleavor, L50, M|100/100\n|turn|1\n|\n|t:|1776944283\n|move|p1a: Garchomp|Dragon Claw|p2a: Kleavor\n|-damage|p2a: Kleavor|51/100\n|move|p2a: Kleavor|Stone Axe|p1a: Garchomp\n|-resisted|p1a: Garchomp|1\n|-damage|p1a: Garchomp|76/100\n|-damage|p2a: Kleavor|39/100|[from] ability: Rough Skin|[of] p1a: Garchomp\n|-sidestart|p1: Keyan_Sans|move: Stealth Rock\n|\n|upkeep\n|turn|2\n|\n|t:|1776944297\n|switch|p1a: Ninetales|Ninetales-Alola, L50, F|100/100\n|-damage|p1a: Ninetales|76/100|[from] Stealth Rock\n|-weather|Snowscape|[from] ability: Snow Warning|[of] p1a: Ninetales\n|move|p2a: Kleavor|X-Scissor|p1a: Ninetales\n|-resisted|p1a: Ninetales|1\n|-damage|p1a: Ninetales|52/100\n|\n|-weather|Snowscape|[upkeep]\n|upkeep\n|turn|3\n|\n|t:|1776944306\n|move|p1a: Ninetales|Moonblast|p2a: Kleavor\n|-damage|p2a: Kleavor|0 fnt\n|faint|p2a: Kleavor\n|\n|-weather|Snowscape|[upkeep]\n|upkeep\n|\n|t:|1776944308\n|switch|p2a: Gardevoir|Gardevoir, L50, F|100/100\n|turn|4\n|\n|t:|1776944314\n|move|p2a: Gardevoir|Moonblast|p1a: Ninetales\n|-damage|p1a: Ninetales|7/100\n|move|p1a: Ninetales|Aurora Veil|p1a: Ninetales\n|-sidestart|p1: Keyan_Sans|move: Aurora Veil\n|\n|-weather|Snowscape|[upkeep]\n|upkeep\n|turn|5\n|\n|t:|1776944320\n|move|p2a: Gardevoir|Moonblast|p1a: Ninetales\n|-damage|p1a: Ninetales|0 fnt\n|faint|p1a: Ninetales\n|\n|-weather|Snowscape|[upkeep]\n|upkeep\n|\n|t:|1776944322\n|switch|p1a: Blastoise|Blastoise, L50, F|100/100\n|-damage|p1a: Blastoise|88/100|[from] Stealth Rock\n|turn|6\n|l|\u2606Gariva\n|inactive|Gariva disconnected and has a minute to reconnect!\n|player|p2|\n|inactive|Gariva has 30 seconds left.\n|inactive|Gariva has 20 seconds left.\n|inactive|Gariva has 15 seconds left.\n|j|\u2606Gariva\n|inactive|Gariva reconnected and has 15 seconds left.\n|player|p2|Gariva|2|\n|inactive|Gariva has 10 seconds left.\n|\n|t:|1776944367\n|detailschange|p1a: Blastoise|Blastoise-Mega, L50, F\n|-mega|p1a: Blastoise|Blastoise|Blastoisinite\n|move|p2a: Gardevoir|Moonblast|p1a: Blastoise\n|-damage|p1a: Blastoise|63/100\n|move|p1a: Blastoise|Shell Smash|p1a: Blastoise\n|-unboost|p1a: Blastoise|def|1\n|-unboost|p1a: Blastoise|spd|1\n|-boost|p1a: Blastoise|atk|2\n|-boost|p1a: Blastoise|spa|2\n|-boost|p1a: Blastoise|spe|2\n|\n|-weather|none\n|upkeep\n|turn|7\n|\n|t:|1776944375\n|move|p1a: Blastoise|Water Pulse|p2a: Gardevoir\n|-damage|p2a: Gardevoir|0 fnt\n|faint|p2a: Gardevoir\n|\n|upkeep\n|\n|t:|1776944379\n|switch|p2a: Dragonite|Dragonite, L50, M|100/100\n|turn|8\n|\n|t:|1776944383\n|detailschange|p2a: Dragonite|Dragonite-Mega, L50, M\n|-mega|p2a: Dragonite|Dragonite|Dragoninite\n|move|p1a: Blastoise|Ice Beam|p2a: Dragonite\n|-supereffective|p2a: Dragonite|2\n|-damage|p2a: Dragonite|0 fnt\n|faint|p2a: Dragonite\n|\n|win|Keyan_Sans\n|raw|Keyan_Sans's rating: 1282 &rarr; <strong>1313</strong><br />(+31 for winning)\n|raw|Gariva's rating: 1372 &rarr; <strong>1347</strong><br />(-25 for losing)\n|l|\u2606Gariva\n|player|p2|\n", "uploadtime": 1776944388, "views": 15, "formatid": "gen9championsbssregma", "rating": 1313, "private": 0, "password": null}