{"id": "gen9championsbssregma-2589994405", "format": "[Gen 9 Champions] BSS Reg M-A", "players": ["Fettitouretti", "gshs5"], "log": "|j|\u2606Fettitouretti\n|j|\u2606gshs5\n|t:|1776779971\n|gametype|singles\n|player|p1|Fettitouretti|2|1136\n|player|p2|gshs5|101|1175\n|gen|9\n|tier|[Gen 9 Champions] BSS Reg M-A\n|rated|\n|rule|Species Clause: Limit one of each Pok\u00e9mon\n|rule|Item Clause: Limit 1 of each item\n|clearpoke\n|poke|p1|Garchomp, L50, M|\n|poke|p1|Basculegion, L50, M|\n|poke|p1|Scizor, L50, M|\n|poke|p1|Delphox, L50, M|\n|poke|p1|Floette-Eternal, L50, F|\n|poke|p1|Archaludon, L50, F|\n|poke|p2|Venusaur, L50, F|\n|poke|p2|Hippowdon, L50, F|\n|poke|p2|Aegislash, L50, M|\n|poke|p2|Altaria, L50, F|\n|poke|p2|Rotom-Wash, L50|\n|poke|p2|Sylveon, L50, F|\n|teampreview|3\n|inactive|Battle timer is ON: inactive players will automatically lose when time's up. (requested by Fettitouretti)\n|\n|t:|1776780032\n|teamsize|p1|3\n|teamsize|p2|3\n|start\n|switch|p1a: Basculegion|Basculegion, L50, M|100/100\n|switch|p2a: Aegislash|Aegislash, L50, M|100/100\n|turn|1\n|\n|t:|1776780045\n|move|p1a: Basculegion|Flip Turn|p2a: Aegislash\n|-damage|p2a: Aegislash|63/100\n|\n|t:|1776780050\n|switch|p1a: Archaludon|Archaludon, L50, F|100/100|[from] Flip Turn\n|-formechange|p2a: Aegislash|Aegislash-Blade|\n|move|p2a: Aegislash|Shadow Ball|p1a: Archaludon\n|-damage|p1a: Archaludon|48/100\n|-ability|p1a: Archaludon|Stamina|boost\n|-boost|p1a: Archaludon|def|1\n|\n|-heal|p1a: Archaludon|54/100|[from] item: Leftovers\n|upkeep\n|turn|2\n|\n|t:|1776780061\n|move|p2a: Aegislash|Shadow Ball|p1a: Archaludon\n|-damage|p1a: Archaludon|0 fnt\n|faint|p1a: Archaludon\n|\n|upkeep\n|\n|t:|1776780064\n|switch|p1a: Delphox|Delphox, L50, M|100/100\n|turn|3\n|\n|t:|1776780067\n|detailschange|p1a: Delphox|Delphox-Mega, L50, M\n|-mega|p1a: Delphox|Delphox|Delphoxite\n|move|p2a: Aegislash|Shadow Sneak|p1a: Delphox\n|-supereffective|p1a: Delphox|1\n|-damage|p1a: Delphox|44/100\n|move|p1a: Delphox|Flamethrower|p2a: Aegislash\n|-supereffective|p2a: Aegislash|1\n|-damage|p2a: Aegislash|0 fnt\n|faint|p2a: Aegislash\n|\n|upkeep\n|\n|t:|1776780071\n|switch|p2a: Rotom|Rotom-Wash, L50|100/100\n|turn|4\n|\n|t:|1776780078\n|move|p1a: Delphox|Psyshock|p2a: Rotom\n|-damage|p2a: Rotom|60/100\n|move|p2a: Rotom|Thunder Wave|p1a: Delphox|[miss]\n|-miss|p2a: Rotom|p1a: Delphox\n|\n|upkeep\n|turn|5\n|\n|t:|1776780087\n|move|p1a: Delphox|Psyshock|p2a: Rotom\n|-damage|p2a: Rotom|20/100\n|-enditem|p2a: Rotom|Sitrus Berry|[eat]\n|-heal|p2a: Rotom|44/100|[from] item: Sitrus Berry\n|move|p2a: Rotom|Hydro Pump|p1a: Delphox\n|-supereffective|p1a: Delphox|1\n|-damage|p1a: Delphox|0 fnt\n|faint|p1a: Delphox\n|\n|upkeep\n|\n|t:|1776780093\n|switch|p1a: Basculegion|Basculegion, L50, M|100/100\n|turn|6\n|\n|t:|1776780096\n|move|p1a: Basculegion|Last Respects|p2a: Rotom\n|-damage|p2a: Rotom|0 fnt\n|faint|p2a: Rotom\n|\n|upkeep\n|\n|t:|1776780098\n|switch|p2a: Altaria|Altaria, L50, F|100/100\n|-ability|p2a: Altaria|Cloud Nine\n|turn|7\n|\n|t:|1776780104\n|detailschange|p2a: Altaria|Altaria-Mega, L50, F\n|-mega|p2a: Altaria|Altaria|Altarianite\n|move|p1a: Basculegion|Last Respects|p2a: Altaria\n|-damage|p2a: Altaria|0 fnt\n|faint|p2a: Altaria\n|\n|win|Fettitouretti\n|raw|Fettitouretti's rating: 1136 &rarr; <strong>1164</strong><br />(+28 for winning)\n|raw|gshs5's rating: 1175 &rarr; <strong>1147</strong><br />(-28 for losing)\n", "uploadtime": 1776780108, "views": 2, "formatid": "gen9championsbssregma", "rating": 1147, "private": 0, "password": null}