{"id": "gen9championsbssregma-2590367600", "format": "[Gen 9 Champions] BSS Reg M-A", "players": ["DBest04", "RangeUnlimited"], "log": "|j|\u2606DBest04\n|j|\u2606RangeUnlimited\n|t:|1776804264\n|gametype|singles\n|player|p1|DBest04|101|1132\n|player|p2|RangeUnlimited|rosa|1144\n|gen|9\n|tier|[Gen 9 Champions] BSS Reg M-A\n|rated|\n|rule|Species Clause: Limit one of each Pok\u00e9mon\n|rule|Item Clause: Limit 1 of each item\n|clearpoke\n|poke|p1|Rotom-Heat, L50, shiny|\n|poke|p1|Froslass, L50, F|\n|poke|p1|Azumarill, L50, F|\n|poke|p1|Samurott-Hisui, L50, M, shiny|\n|poke|p1|Zoroark-Hisui, L50, M, shiny|\n|poke|p1|Goodra-Hisui, L50, F, shiny|\n|poke|p2|Charizard, L50, M|\n|poke|p2|Blastoise, L50, M|\n|poke|p2|Basculegion, L50, M|\n|poke|p2|Meowscarada, L50, F|\n|poke|p2|Sylveon, L50, M|\n|poke|p2|Machamp, L50, F|\n|teampreview|3\n|inactive|Battle timer is ON: inactive players will automatically lose when time's up. (requested by RangeUnlimited)\n|\n|t:|1776804294\n|teamsize|p1|3\n|teamsize|p2|3\n|start\n|switch|p1a: Oven|Rotom-Heat, L50, shiny|100/100\n|switch|p2a: Charizard|Charizard, L50, M|100/100\n|turn|1\n|\n|t:|1776804309\n|detailschange|p2a: Charizard|Charizard-Mega-X, L50, M\n|-mega|p2a: Charizard|Charizard|Charizardite X\n|move|p1a: Oven|Hyper Voice|p2a: Charizard\n|-damage|p2a: Charizard|44/100\n|move|p2a: Charizard|Dragon Dance|p2a: Charizard\n|-boost|p2a: Charizard|atk|1\n|-boost|p2a: Charizard|spe|1\n|\n|upkeep\n|turn|2\n|j| Bust3s\n|\n|t:|1776804326\n|move|p2a: Charizard|Dragon Claw|p1a: Oven\n|-enditem|p1a: Oven|Focus Sash\n|-damage|p1a: Oven|1/100\n|replace|p1a: Zoroark|Zoroark-Hisui, L50, M, shiny\n|-end|p1a: Zoroark|Illusion\n|move|p1a: Zoroark|Hyper Voice|p2a: Charizard\n|-damage|p2a: Charizard|0 fnt\n|faint|p2a: Charizard\n|\n|upkeep\n|\n|t:|1776804332\n|switch|p2a: Sylveon|Sylveon, L50, M|100/100\n|turn|3\n|\n|t:|1776804342\n|move|p1a: Zoroark|Memento|p2a: Sylveon\n|-unboost|p2a: Sylveon|atk|2\n|-unboost|p2a: Sylveon|spa|2\n|faint|p1a: Zoroark\n|move|p2a: Sylveon|Wish|p2a: Sylveon\n|\n|upkeep\n|\n|t:|1776804349\n|switch|p1a: Froslass|Froslass, L50, F|100/100\n|turn|4\n|\n|t:|1776804352\n|detailschange|p1a: Froslass|Froslass-Mega, L50, F\n|-mega|p1a: Froslass|Froslass|Froslassite\n|-weather|Snowscape|[from] ability: Snow Warning|[of] p1a: Froslass\n|move|p1a: Froslass|Aurora Veil|p1a: Froslass\n|-sidestart|p1: DBest04|move: Aurora Veil\n|move|p2a: Sylveon|Yawn|p1a: Froslass\n|-start|p1a: Froslass|move: Yawn|[of] p2a: Sylveon\n|\n|-weather|Snowscape|[upkeep]\n|upkeep\n|turn|5\n|\n|t:|1776804361\n|switch|p1a: Oven|Rotom-Heat, L50, shiny|100/100\n|move|p2a: Sylveon|Wish|p2a: Sylveon\n|\n|-weather|Snowscape|[upkeep]\n|upkeep\n|turn|6\n|\n|t:|1776804366\n|move|p1a: Oven|Trick|p2a: Sylveon\n|-activate|p1a: Oven|move: Trick|[of] p2a: Sylveon\n|-item|p2a: Sylveon|Choice Scarf|[from] move: Trick\n|-item|p1a: Oven|Leftovers|[from] move: Trick\n|move|p2a: Sylveon|Yawn|p1a: Oven\n|-start|p1a: Oven|move: Yawn|[of] p2a: Sylveon\n|\n|-weather|Snowscape|[upkeep]\n|upkeep\n|turn|7\n|\n|t:|1776804378\n|switch|p1a: Froslass|Froslass-Mega, L50, F|100/100\n|switch|p2a: Machamp|Machamp, L50, F|100/100\n|\n|-weather|Snowscape|[upkeep]\n|upkeep\n|turn|8\n|\n|t:|1776804387\n|switch|p2a: Sylveon|Sylveon, L50, M|100/100\n|move|p1a: Froslass|Nasty Plot|p1a: Froslass\n|-boost|p1a: Froslass|spa|2\n|\n|-weather|none\n|-sideend|p1: DBest04|move: Aurora Veil\n|upkeep\n|turn|9\n|\n|t:|1776804395\n|move|p1a: Froslass|Blizzard|p2a: Sylveon\n|-damage|p2a: Sylveon|17/100\n|move|p2a: Sylveon|Yawn|p1a: Froslass\n|-start|p1a: Froslass|move: Yawn|[of] p2a: Sylveon\n|\n|upkeep\n|turn|10\n|\n|t:|1776804402\n|switch|p1a: Oven|Rotom-Heat, L50, shiny|100/100\n|switch|p2a: Machamp|Machamp, L50, F|100/100\n|\n|upkeep\n|turn|11\n|\n|t:|1776804408\n|move|p1a: Oven|Volt Switch|p2a: Machamp\n|-damage|p2a: Machamp|69/100\n|\n|t:|1776804411\n|switch|p1a: Froslass|Froslass-Mega, L50, F|100/100|[from] Volt Switch\n|-weather|Snowscape|[from] ability: Snow Warning|[of] p1a: Froslass\n|move|p2a: Machamp|Stone Edge|p1a: Froslass\n|-supereffective|p1a: Froslass|1\n|-crit|p1a: Froslass\n|-damage|p1a: Froslass|0 fnt\n|faint|p1a: Froslass\n|\n|-weather|Snowscape|[upkeep]\n|upkeep\n|\n|t:|1776804413\n|switch|p1a: Oven|Rotom-Heat, L50, shiny|100/100\n|turn|12\n|\n|t:|1776804423\n|move|p1a: Oven|Overheat|p2a: Machamp\n|-damage|p2a: Machamp|6/100\n|-unboost|p1a: Oven|spa|2\n|-enditem|p2a: Machamp|Sitrus Berry|[eat]\n|-heal|p2a: Machamp|30/100|[from] item: Sitrus Berry\n|move|p2a: Machamp|Stone Edge|p1a: Oven\n|-supereffective|p1a: Oven|1\n|-damage|p1a: Oven|0 fnt\n|faint|p1a: Oven\n|\n|win|RangeUnlimited\n|raw|DBest04's rating: 1132 &rarr; <strong>1108</strong><br />(-24 for losing)\n|raw|RangeUnlimited's rating: 1144 &rarr; <strong>1168</strong><br />(+24 for winning)\n|l|\u2606DBest04\n|player|p1|\n", "uploadtime": 1776804445, "views": 7, "formatid": "gen9championsbssregma", "rating": 1108, "private": 0, "password": null}