{"id": "gen9championsbssregma-2593201100", "format": "[Gen 9 Champions] BSS Reg M-A", "players": ["Lunartul", "ivo-arg"], "log": "|j|\u2606Lunartul\n|j|\u2606ivo-arg\n|t:|1777060189\n|gametype|singles\n|player|p1|Lunartul|volkner|1286\n|player|p2|ivo-arg|waiter-gen4dp|1280\n|gen|9\n|tier|[Gen 9 Champions] BSS Reg M-A\n|rated|\n|rule|Species Clause: Limit one of each Pok\u00e9mon\n|rule|Item Clause: Limit 1 of each item\n|clearpoke\n|poke|p1|Charizard, L50, M|\n|poke|p1|Hippowdon, L50, M|\n|poke|p1|Primarina, L50, F|\n|poke|p1|Meowscarada, L50, F|\n|poke|p1|Sneasler, L50, F|\n|poke|p1|Starmie, L50|\n|poke|p2|Corviknight, L50, F|\n|poke|p2|Primarina, L50, F|\n|poke|p2|Garchomp, L50, M|\n|poke|p2|Basculegion, L50, M|\n|poke|p2|Hippowdon, L50, M|\n|poke|p2|Venusaur, L50, M|\n|teampreview|3\n|inactive|Battle timer is ON: inactive players will automatically lose when time's up. (requested by ivo-arg)\n|inactive|Lunartul has 60 seconds left.\n|\n|t:|1777060232\n|teamsize|p1|3\n|teamsize|p2|3\n|start\n|switch|p1a: Meowscarada|Meowscarada, L50, F|100/100\n|switch|p2a: Primarina|Primarina, L50, F|100/100\n|turn|1\n|\n|t:|1777060249\n|move|p1a: Meowscarada|Flower Trick|p2a: Primarina\n|-start|p1a: Meowscarada|typechange|Grass|[from] ability: Protean\n|-supereffective|p2a: Primarina|1\n|-crit|p2a: Primarina\n|-enditem|p2a: Primarina|Focus Sash\n|-damage|p2a: Primarina|1/100\n|move|p2a: Primarina|Moonblast|p1a: Meowscarada\n|-damage|p1a: Meowscarada|19/100\n|\n|upkeep\n|turn|2\n|\n|t:|1777060266\n|move|p2a: Primarina|Aqua Jet|p1a: Meowscarada\n|-resisted|p1a: Meowscarada|1\n|-damage|p1a: Meowscarada|8/100\n|move|p1a: Meowscarada|Flower Trick|p2a: Primarina\n|-supereffective|p2a: Primarina|1\n|-crit|p2a: Primarina\n|-damage|p2a: Primarina|0 fnt\n|faint|p2a: Primarina\n|\n|upkeep\n|\n|t:|1777060269\n|switch|p2a: Venusaur|Venusaur, L50, M|100/100\n|turn|3\n|\n|t:|1777060283\n|detailschange|p2a: Venusaur|Venusaur-Mega, L50, M\n|-mega|p2a: Venusaur|Venusaur|Venusaurite\n|move|p1a: Meowscarada|Flower Trick|p2a: Venusaur\n|-resisted|p2a: Venusaur|2\n|-crit|p2a: Venusaur\n|-damage|p2a: Venusaur|91/100\n|move|p2a: Venusaur|Giga Drain|p1a: Meowscarada\n|-resisted|p1a: Meowscarada|1\n|-crit|p1a: Meowscarada\n|-damage|p1a: Meowscarada|0 fnt\n|-heal|p2a: Venusaur|95/100|[from] drain|[of] p1a: Meowscarada\n|faint|p1a: Meowscarada\n|\n|upkeep\n|\n|t:|1777060296\n|switch|p1a: Charizard|Charizard, L50, M|100/100\n|turn|4\n|\n|t:|1777060319\n|detailschange|p1a: Charizard|Charizard-Mega-Y, L50, M\n|-mega|p1a: Charizard|Charizard|Charizardite Y\n|-weather|SunnyDay|[from] ability: Drought|[of] p1a: Charizard\n|move|p1a: Charizard|Flamethrower|p2a: Venusaur\n|-supereffective|p2a: Venusaur|1\n|-damage|p2a: Venusaur|24/100\n|move|p2a: Venusaur|Sludge Bomb|p1a: Charizard\n|-damage|p1a: Charizard|50/100\n|-status|p1a: Charizard|psn\n|\n|-weather|SunnyDay|[upkeep]\n|-damage|p1a: Charizard|37/100 psn|[from] psn\n|upkeep\n|turn|5\n|\n|t:|1777060337\n|move|p1a: Charizard|Flamethrower|p2a: Venusaur\n|-supereffective|p2a: Venusaur|1\n|-crit|p2a: Venusaur\n|-damage|p2a: Venusaur|0 fnt\n|faint|p2a: Venusaur\n|\n|-weather|SunnyDay|[upkeep]\n|-damage|p1a: Charizard|25/100 psn|[from] psn\n|upkeep\n|\n|t:|1777060352\n|switch|p2a: Basculegion|Basculegion, L50, M|100/100\n|turn|6\n|\n|t:|1777060363\n|move|p2a: Basculegion|Last Respects|p1a: Charizard\n|-damage|p1a: Charizard|0 fnt\n|faint|p1a: Charizard\n|\n|-weather|SunnyDay|[upkeep]\n|upkeep\n|\n|t:|1777060368\n|switch|p1a: Hippowdon|Hippowdon, L50, M|100/100\n|-weather|Sandstorm|[from] ability: Sand Stream|[of] p1a: Hippowdon\n|turn|7\n|\n|t:|1777060378\n|move|p2a: Basculegion|Last Respects|p1a: Hippowdon\n|-damage|p1a: Hippowdon|47/100\n|move|p1a: Hippowdon|Yawn|p2a: Basculegion\n|-start|p2a: Basculegion|move: Yawn|[of] p1a: Hippowdon\n|\n|-weather|Sandstorm|[upkeep]\n|-damage|p2a: Basculegion|94/100|[from] Sandstorm\n|-heal|p1a: Hippowdon|54/100|[from] item: Leftovers\n|upkeep\n|turn|8\n|\n|t:|1777060400\n|move|p2a: Basculegion|Last Respects|p1a: Hippowdon\n|-damage|p1a: Hippowdon|1/100\n|move|p1a: Hippowdon|Slack Off|p1a: Hippowdon\n|-heal|p1a: Hippowdon|52/100\n|\n|-weather|Sandstorm|[upkeep]\n|-damage|p2a: Basculegion|88/100|[from] Sandstorm\n|-heal|p1a: Hippowdon|58/100|[from] item: Leftovers\n|-end|p2a: Basculegion|move: Yawn|[silent]\n|-status|p2a: Basculegion|slp\n|upkeep\n|turn|9\n|\n|t:|1777060410\n|cant|p2a: Basculegion|slp\n|move|p1a: Hippowdon|Earthquake|p2a: Basculegion\n|-damage|p2a: Basculegion|38/100 slp\n|\n|-weather|Sandstorm|[upkeep]\n|-damage|p2a: Basculegion|32/100 slp|[from] Sandstorm\n|-heal|p1a: Hippowdon|64/100|[from] item: Leftovers\n|upkeep\n|turn|10\n|\n|t:|1777060418\n|cant|p2a: Basculegion|slp\n|move|p1a: Hippowdon|Earthquake|p2a: Basculegion\n|-damage|p2a: Basculegion|0 fnt\n|faint|p2a: Basculegion\n|\n|win|Lunartul\n|raw|Lunartul's rating: 1286 &rarr; <strong>1311</strong><br />(+25 for winning)\n|raw|ivo-arg's rating: 1280 &rarr; <strong>1255</strong><br />(-25 for losing)\n|l|\u2606ivo-arg\n|player|p2|\n", "uploadtime": 1777060467, "views": 9, "formatid": "gen9championsbssregma", "rating": 1255, "private": 0, "password": null}