{"id": "gen9championsbssregma-2590898174", "format": "[Gen 9 Champions] BSS Reg M-A", "players": ["zty-CHINA", "forker1112"], "log": "|j|\u2606zty-CHINA\n|j|\u2606forker1112\n|t:|1776859582\n|gametype|singles\n|player|p1|zty-CHINA|steven|1179\n|player|p2|forker1112|acetrainerf-gen4dp|1181\n|gen|9\n|tier|[Gen 9 Champions] BSS Reg M-A\n|rated|\n|rule|Species Clause: Limit one of each Pok\u00e9mon\n|rule|Item Clause: Limit 1 of each item\n|clearpoke\n|poke|p1|Dragonite, L50, M, shiny|\n|poke|p1|Meowscarada, L50, F|\n|poke|p1|Kingambit, L50, M|\n|poke|p1|Rotom-Wash, L50|\n|poke|p1|Hippowdon, L50, M|\n|poke|p1|Azumarill, L50, F|\n|poke|p2|Victreebel, L50, M|\n|poke|p2|Garchomp, L50, M|\n|poke|p2|Samurott-Hisui, L50, M|\n|poke|p2|Floette-Eternal, L50, F|\n|poke|p2|Empoleon, L50, M|\n|poke|p2|Volcarona, L50, M|\n|teampreview|3\n|inactive|Battle timer is ON: inactive players will automatically lose when time's up. (requested by zty-CHINA)\n|inactive|forker1112 has 60 seconds left.\n|\n|t:|1776859613\n|teamsize|p1|3\n|teamsize|p2|3\n|start\n|switch|p1a: Azumarill|Azumarill, L50, F|100/100\n|switch|p2a: Victreebel|Victreebel, L50, M|100/100\n|turn|1\n|\n|t:|1776859628\n|detailschange|p2a: Victreebel|Victreebel-Mega, L50, M\n|-mega|p2a: Victreebel|Victreebel|Victreebelite\n|move|p2a: Victreebel|Swords Dance|p2a: Victreebel\n|-boost|p2a: Victreebel|atk|2\n|move|p1a: Azumarill|Trailblaze|p2a: Victreebel\n|-resisted|p2a: Victreebel|2\n|-damage|p2a: Victreebel|95/100\n|-boost|p1a: Azumarill|spe|1\n|\n|upkeep\n|turn|2\n|\n|t:|1776859641\n|move|p1a: Azumarill|Liquidation|p2a: Victreebel\n|-resisted|p2a: Victreebel|1\n|-damage|p2a: Victreebel|66/100\n|move|p2a: Victreebel|Power Whip|p1a: Azumarill\n|-supereffective|p1a: Azumarill|1\n|-damage|p1a: Azumarill|0 fnt\n|faint|p1a: Azumarill\n|\n|upkeep\n|\n|t:|1776859650\n|switch|p1a: Dragonite|Dragonite, L50, M, shiny|100/100\n|turn|3\n|\n|t:|1776859655\n|detailschange|p1a: Dragonite|Dragonite-Mega, L50, M, shiny\n|-mega|p1a: Dragonite|Dragonite|Dragoninite\n|move|p1a: Dragonite|Fire Blast|p2a: Victreebel|[miss]\n|-miss|p1a: Dragonite|p2a: Victreebel\n|move|p2a: Victreebel|Strength Sap|p1a: Dragonite\n|-unboost|p1a: Dragonite|atk|1\n|-heal|p2a: Victreebel|100/100\n|\n|upkeep\n|turn|4\n|\n|t:|1776859664\n|move|p2a: Victreebel|Sucker Punch|p1a: Dragonite\n|-damage|p1a: Dragonite|81/100\n|move|p1a: Dragonite|Fire Blast|p2a: Victreebel\n|-supereffective|p2a: Victreebel|1\n|-damage|p2a: Victreebel|17/100\n|\n|upkeep\n|turn|5\n|\n|t:|1776859670\n|move|p1a: Dragonite|Extreme Speed|p2a: Victreebel\n|-damage|p2a: Victreebel|2/100\n|move|p2a: Victreebel|Sucker Punch||[still]\n|-fail|p2a: Victreebel\n|\n|upkeep\n|turn|6\n|\n|t:|1776859678\n|move|p1a: Dragonite|Extreme Speed|p2a: Victreebel\n|-damage|p2a: Victreebel|0 fnt\n|-damage|p1a: Dragonite|79/100|[from] ability: Innards Out|[of] p2a: Victreebel\n|faint|p2a: Victreebel\n|\n|upkeep\n|\n|t:|1776859681\n|switch|p2a: Garchomp|Garchomp, L50, M|100/100\n|turn|7\n|\n|t:|1776859690\n|move|p2a: Garchomp|Scale Shot|p1a: Dragonite\n|-supereffective|p1a: Dragonite|1\n|-damage|p1a: Dragonite|57/100\n|-supereffective|p1a: Dragonite|1\n|-crit|p1a: Dragonite\n|-damage|p1a: Dragonite|23/100\n|-hitcount|p1a: Dragonite|2\n|-unboost|p2a: Garchomp|def|1\n|-boost|p2a: Garchomp|spe|1\n|move|p1a: Dragonite|Ice Beam|p2a: Garchomp\n|-supereffective|p2a: Garchomp|2\n|-damage|p2a: Garchomp|0 fnt\n|faint|p2a: Garchomp\n|\n|upkeep\n|\n|t:|1776859697\n|switch|p2a: Volcarona|Volcarona, L50, M|100/100\n|turn|8\n|\n|t:|1776859708\n|move|p1a: Dragonite|Extreme Speed|p2a: Volcarona\n|-damage|p2a: Volcarona|82/100\n|move|p2a: Volcarona|Quiver Dance|p2a: Volcarona\n|-boost|p2a: Volcarona|spa|1\n|-boost|p2a: Volcarona|spd|1\n|-boost|p2a: Volcarona|spe|1\n|\n|upkeep\n|turn|9\n|\n|t:|1776859722\n|move|p2a: Volcarona|Quiver Dance|p2a: Volcarona\n|-boost|p2a: Volcarona|spa|1\n|-boost|p2a: Volcarona|spd|1\n|-boost|p2a: Volcarona|spe|1\n|move|p1a: Dragonite|Draco Meteor|p2a: Volcarona\n|-damage|p2a: Volcarona|46/100\n|-unboost|p1a: Dragonite|spa|2\n|-enditem|p2a: Volcarona|Sitrus Berry|[eat]\n|-heal|p2a: Volcarona|71/100|[from] item: Sitrus Berry\n|\n|upkeep\n|turn|10\n|c|\u2606zty-CHINA|no\n|\n|t:|1776859732\n|move|p2a: Volcarona|Psychic|p1a: Dragonite\n|-damage|p1a: Dragonite|0 fnt\n|faint|p1a: Dragonite\n|\n|upkeep\n|\n|t:|1776859737\n|switch|p1a: Rotom|Rotom-Wash, L50|100/100\n|turn|11\n|\n|t:|1776859742\n|move|p2a: Volcarona|Giga Drain|p1a: Rotom\n|-supereffective|p1a: Rotom|1\n|-damage|p1a: Rotom|0 fnt\n|-heal|p2a: Volcarona|100/100|[from] drain|[of] p1a: Rotom\n|faint|p1a: Rotom\n|\n|win|forker1112\n|raw|zty-CHINA's rating: 1179 &rarr; <strong>1154</strong><br />(-25 for losing)\n|raw|forker1112's rating: 1181 &rarr; <strong>1206</strong><br />(+25 for winning)\n|l|\u2606zty-CHINA\n|player|p1|\n", "uploadtime": 1776859752, "views": 4, "formatid": "gen9championsbssregma", "rating": 1154, "private": 0, "password": null}