{"id": "gen9championsbssregma-2593524489", "format": "[Gen 9 Champions] BSS Reg M-A", "players": ["test_poke29", "curecrescendo"], "log": "|j|\u2606test_poke29\n|j|\u2606curecrescendo\n|t:|1777092132\n|gametype|singles\n|player|p1|test_poke29|lucas|1440\n|player|p2|curecrescendo|101|1398\n|gen|9\n|tier|[Gen 9 Champions] BSS Reg M-A\n|rated|\n|rule|Species Clause: Limit one of each Pok\u00e9mon\n|rule|Item Clause: Limit 1 of each item\n|clearpoke\n|poke|p1|Scizor, L50, M|\n|poke|p1|Charizard, L50, F|\n|poke|p1|Mimikyu, L50, F|\n|poke|p1|Archaludon, L50, F|\n|poke|p1|Toucannon, L50, F|\n|poke|p1|Garchomp, L50, F|\n|poke|p2|Pelipper, L50, M|\n|poke|p2|Basculegion, L50, M|\n|poke|p2|Archaludon, L50, F|\n|poke|p2|Meganium, L50, F|\n|poke|p2|Garchomp, L50, M|\n|poke|p2|Scizor, L50, F|\n|teampreview|3\n|inactive|Battle timer is ON: inactive players will automatically lose when time's up. (requested by test_poke29)\n|inactive|test_poke29 has 60 seconds left.\n|inactive|curecrescendo has 60 seconds left.\n|\n|t:|1777092172\n|teamsize|p1|3\n|teamsize|p2|3\n|start\n|switch|p1a: Archaludon|Archaludon, L50, F|100/100\n|switch|p2a: Archaludon|Archaludon, L50, F|100/100\n|turn|1\n|\n|t:|1777092185\n|move|p2a: Archaludon|Aura Sphere|p1a: Archaludon\n|-supereffective|p1a: Archaludon|1\n|-damage|p1a: Archaludon|49/100\n|-ability|p1a: Archaludon|Stamina|boost\n|-boost|p1a: Archaludon|def|1\n|move|p1a: Archaludon|Thunder Wave|p2a: Archaludon\n|-status|p2a: Archaludon|par\n|\n|-heal|p1a: Archaludon|55/100|[from] item: Leftovers\n|upkeep\n|turn|2\n|\n|t:|1777092195\n|move|p1a: Archaludon|Stealth Rock|p2a: Archaludon\n|-sidestart|p2: curecrescendo|move: Stealth Rock\n|move|p2a: Archaludon|Aura Sphere|p1a: Archaludon\n|-supereffective|p1a: Archaludon|1\n|-damage|p1a: Archaludon|3/100\n|-ability|p1a: Archaludon|Stamina|boost\n|-boost|p1a: Archaludon|def|1\n|\n|-heal|p1a: Archaludon|9/100|[from] item: Leftovers\n|upkeep\n|turn|3\n|\n|t:|1777092218\n|switch|p2a: Meganium|Meganium, L50, F|100/100\n|-damage|p2a: Meganium|88/100|[from] Stealth Rock\n|move|p1a: Archaludon|Dragon Tail|p2a: Meganium\n|-damage|p2a: Meganium|71/100\n|drag|p2a: Archaludon|Archaludon, L50, F|100/100 par\n|-damage|p2a: Archaludon|95/100 par|[from] Stealth Rock\n|\n|-heal|p1a: Archaludon|15/100|[from] item: Leftovers\n|upkeep\n|turn|4\n|\n|t:|1777092236\n|move|p1a: Archaludon|Flash Cannon|p2a: Archaludon\n|-resisted|p2a: Archaludon|1\n|-damage|p2a: Archaludon|68/100 par\n|move|p2a: Archaludon|Aura Sphere|p1a: Archaludon\n|-supereffective|p1a: Archaludon|1\n|-damage|p1a: Archaludon|0 fnt\n|faint|p1a: Archaludon\n|\n|upkeep\n|\n|t:|1777092243\n|switch|p1a: Scizor|Scizor, L50, M|100/100\n|turn|5\n|\n|t:|1777092248\n|switch|p2a: Garchomp|Garchomp, L50, M|100/100\n|-damage|p2a: Garchomp|94/100|[from] Stealth Rock\n|detailschange|p1a: Scizor|Scizor-Mega, L50, M\n|-mega|p1a: Scizor|Scizor|Scizorite\n|move|p1a: Scizor|Swords Dance|p1a: Scizor\n|-boost|p1a: Scizor|atk|2\n|\n|upkeep\n|turn|6\n|\n|t:|1777092256\n|switch|p1a: Toucannon|Toucannon, L50, F|100/100\n|move|p2a: Garchomp|Rock Tomb|p1a: Toucannon\n|-supereffective|p1a: Toucannon|1\n|-damage|p1a: Toucannon|70/100\n|-unboost|p1a: Toucannon|spe|1\n|\n|upkeep\n|turn|7\n|\n|t:|1777092265\n|move|p2a: Garchomp|Rock Tomb|p1a: Toucannon\n|-supereffective|p1a: Toucannon|1\n|-damage|p1a: Toucannon|38/100\n|-unboost|p1a: Toucannon|spe|1\n|-enditem|p1a: Toucannon|Sitrus Berry|[eat]\n|-heal|p1a: Toucannon|63/100|[from] item: Sitrus Berry\n|move|p1a: Toucannon|Roost|p1a: Toucannon\n|-heal|p1a: Toucannon|100/100\n|-singleturn|p1a: Toucannon|move: Roost\n|\n|upkeep\n|turn|8\n|\n|t:|1777092275\n|-singleturn|p1a: Toucannon|move: Beak Blast\n|move|p2a: Garchomp|Rock Tomb|p1a: Toucannon\n|-supereffective|p1a: Toucannon|1\n|-damage|p1a: Toucannon|67/100\n|-unboost|p1a: Toucannon|spe|1\n|move|p1a: Toucannon|Beak Blast|p2a: Garchomp\n|-damage|p2a: Garchomp|65/100\n|\n|upkeep\n|turn|9\n|\n|t:|1777092288\n|-singleturn|p1a: Toucannon|move: Beak Blast\n|move|p2a: Garchomp|Rock Tomb|p1a: Toucannon\n|-supereffective|p1a: Toucannon|1\n|-damage|p1a: Toucannon|35/100\n|-unboost|p1a: Toucannon|spe|1\n|move|p1a: Toucannon|Beak Blast|p2a: Garchomp\n|-damage|p2a: Garchomp|35/100\n|-enditem|p2a: Garchomp|Sitrus Berry|[eat]\n|-heal|p2a: Garchomp|60/100|[from] item: Sitrus Berry\n|\n|upkeep\n|turn|10\n|\n|t:|1777092299\n|move|p2a: Garchomp|Rock Tomb|p1a: Toucannon\n|-supereffective|p1a: Toucannon|1\n|-damage|p1a: Toucannon|2/100\n|-unboost|p1a: Toucannon|spe|1\n|move|p1a: Toucannon|Roost|p1a: Toucannon\n|-heal|p1a: Toucannon|52/100\n|-singleturn|p1a: Toucannon|move: Roost\n|\n|upkeep\n|turn|11\n|\n|t:|1777092308\n|move|p2a: Garchomp|Rock Tomb|p1a: Toucannon\n|-supereffective|p1a: Toucannon|1\n|-damage|p1a: Toucannon|20/100\n|-unboost|p1a: Toucannon|spe|1\n|move|p1a: Toucannon|Roost|p1a: Toucannon\n|-heal|p1a: Toucannon|70/100\n|-singleturn|p1a: Toucannon|move: Roost\n|\n|upkeep\n|turn|12\n|\n|t:|1777092316\n|move|p2a: Garchomp|Rock Tomb|p1a: Toucannon\n|-supereffective|p1a: Toucannon|1\n|-crit|p1a: Toucannon\n|-damage|p1a: Toucannon|24/100\n|move|p1a: Toucannon|Roost|p1a: Toucannon\n|-heal|p1a: Toucannon|74/100\n|-singleturn|p1a: Toucannon|move: Roost\n|\n|upkeep\n|turn|13\n|\n|t:|1777092324\n|move|p2a: Garchomp|Rock Tomb|p1a: Toucannon\n|-supereffective|p1a: Toucannon|1\n|-damage|p1a: Toucannon|46/100\n|move|p1a: Toucannon|Roost|p1a: Toucannon\n|-heal|p1a: Toucannon|96/100\n|-singleturn|p1a: Toucannon|move: Roost\n|\n|upkeep\n|turn|14\n|\n|t:|1777092334\n|-singleturn|p1a: Toucannon|move: Beak Blast\n|move|p2a: Garchomp|Rock Tomb|p1a: Toucannon\n|-supereffective|p1a: Toucannon|1\n|-crit|p1a: Toucannon\n|-damage|p1a: Toucannon|51/100\n|move|p1a: Toucannon|Beak Blast|p2a: Garchomp\n|-damage|p2a: Garchomp|29/100\n|\n|upkeep\n|turn|15\n|\n|t:|1777092348\n|move|p2a: Garchomp|Outrage|p1a: Toucannon\n|-damage|p1a: Toucannon|5/100\n|move|p1a: Toucannon|Roost|p1a: Toucannon\n|-heal|p1a: Toucannon|55/100\n|-singleturn|p1a: Toucannon|move: Roost\n|\n|upkeep\n|turn|16\n|\n|t:|1777092355\n|-singleturn|p1a: Toucannon|move: Beak Blast\n|move|p2a: Garchomp|Outrage|p1a: Toucannon|[from] lockedmove\n|-damage|p1a: Toucannon|8/100\n|-status|p2a: Garchomp|brn\n|-start|p2a: Garchomp|confusion|[fatigue]\n|move|p1a: Toucannon|Beak Blast|p2a: Garchomp\n|-damage|p2a: Garchomp|0 fnt\n|faint|p2a: Garchomp\n|\n|upkeep\n|\n|t:|1777092370\n|switch|p2a: Meganium|Meganium, L50, F|71/100\n|-damage|p2a: Meganium|58/100|[from] Stealth Rock\n|turn|17\n|\n|t:|1777092374\n|detailschange|p2a: Meganium|Meganium-Mega, L50, F\n|-mega|p2a: Meganium|Meganium|Meganiumite\n|move|p2a: Meganium|Weather Ball|p1a: Toucannon\n|-damage|p1a: Toucannon|0 fnt\n|faint|p1a: Toucannon\n|\n|upkeep\n|\n|t:|1777092380\n|switch|p1a: Scizor|Scizor-Mega, L50, M|100/100\n|turn|18\n|\n|t:|1777092383\n|move|p1a: Scizor|Bullet Punch|p2a: Meganium\n|-supereffective|p2a: Meganium|1\n|-damage|p2a: Meganium|0 fnt\n|faint|p2a: Meganium\n|\n|upkeep\n|\n|t:|1777092387\n|switch|p2a: Archaludon|Archaludon, L50, F|68/100 par\n|-damage|p2a: Archaludon|62/100 par|[from] Stealth Rock\n|turn|19\n|\n|t:|1777092394\n|move|p1a: Scizor|Close Combat|p2a: Archaludon\n|-supereffective|p2a: Archaludon|1\n|-damage|p2a: Archaludon|0 fnt\n|-unboost|p1a: Scizor|def|1\n|-unboost|p1a: Scizor|spd|1\n|faint|p2a: Archaludon\n|\n|win|test_poke29\n|raw|test_poke29's rating: 1440 &rarr; <strong>1458</strong><br />(+18 for winning)\n|raw|curecrescendo's rating: 1398 &rarr; <strong>1380</strong><br />(-18 for losing)\n|l|\u2606curecrescendo\n|player|p2|\n|l|\u2606test_poke29\n|player|p1|\n", "uploadtime": 1777092502, "views": 13, "formatid": "gen9championsbssregma", "rating": 1380, "private": 0, "password": null}