{"id": "gen9championsbssregma-2589649557", "format": "[Gen 9 Champions] BSS Reg M-A", "players": ["kalzero_0928", "lligand"], "log": "|j|\u2606kalzero_0928\n|j|\u2606lligand\n|t:|1776742960\n|gametype|singles\n|player|p1|kalzero_0928|2|1404\n|player|p2|lligand|2|1414\n|gen|9\n|tier|[Gen 9 Champions] BSS Reg M-A\n|rated|\n|rule|Species Clause: Limit one of each Pok\u00e9mon\n|rule|Item Clause: Limit 1 of each item\n|clearpoke\n|poke|p1|Gengar, L50, F|\n|poke|p1|Primarina, L50, F|\n|poke|p1|Garchomp, L50, M|\n|poke|p1|Toxapex, L50, F|\n|poke|p1|Corviknight, L50, F|\n|poke|p1|Scovillain, L50, F|\n|poke|p2|Dragapult, L50, F|\n|poke|p2|Venusaur, L50, F|\n|poke|p2|Corviknight, L50, F|\n|poke|p2|Hydreigon, L50, M|\n|poke|p2|Milotic, L50, M|\n|poke|p2|Manectric, L50, F|\n|teampreview|3\n|inactive|Battle timer is ON: inactive players will automatically lose when time's up. (requested by lligand)\n|\n|t:|1776742992\n|teamsize|p1|3\n|teamsize|p2|3\n|start\n|switch|p1a: Gengar|Gengar, L50, F|100/100\n|switch|p2a: Venusaur|Venusaur, L50, F|100/100\n|turn|1\n|\n|t:|1776743002\n|detailschange|p1a: Gengar|Gengar-Mega, L50, F\n|-mega|p1a: Gengar|Gengar|Gengarite\n|detailschange|p2a: Venusaur|Venusaur-Mega, L50, F\n|-mega|p2a: Venusaur|Venusaur|Venusaurite\n|move|p1a: Gengar|Hypnosis|p2a: Venusaur\n|-status|p2a: Venusaur|slp|[from] move: Hypnosis\n|cant|p2a: Venusaur|slp\n|\n|upkeep\n|turn|2\n|\n|t:|1776743008\n|move|p1a: Gengar|Hex|p2a: Venusaur\n|-damage|p2a: Venusaur|37/100 slp\n|cant|p2a: Venusaur|slp\n|\n|upkeep\n|turn|3\n|\n|t:|1776743011\n|move|p1a: Gengar|Hex|p2a: Venusaur\n|-damage|p2a: Venusaur|0 fnt\n|faint|p2a: Venusaur\n|\n|upkeep\n|\n|t:|1776743013\n|switch|p2a: Dragapult|Dragapult, L50, F|100/100\n|turn|4\n|\n|t:|1776743016\n|switch|p1a: Corviknight|Corviknight, L50, F|100/100\n|-ability|p1a: Corviknight|Pressure\n|move|p2a: Dragapult|Curse|p1a: Corviknight\n|-start|p1a: Corviknight|Curse|[of] p2a: Dragapult\n|-damage|p2a: Dragapult|51/100\n|\n|-damage|p1a: Corviknight|76/100|[from] Curse\n|upkeep\n|turn|5\n|\n|t:|1776743023\n|move|p2a: Dragapult|Will-O-Wisp|p1a: Corviknight|[miss]\n|-miss|p2a: Dragapult|p1a: Corviknight\n|move|p1a: Corviknight|U-turn|p2a: Dragapult\n|-resisted|p2a: Dragapult|1\n|-damage|p2a: Dragapult|40/100\n|\n|t:|1776743025\n|switch|p1a: Garchomp|Garchomp, L50, M|100/100|[from] U-turn\n|\n|upkeep\n|turn|6\n|\n|t:|1776743028\n|move|p1a: Garchomp|Earthquake|p2a: Dragapult\n|-damage|p2a: Dragapult|0 fnt\n|faint|p2a: Dragapult\n|\n|upkeep\n|\n|t:|1776743030\n|switch|p2a: Milotic|Milotic, L50, M|100/100\n|turn|7\n|\n|t:|1776743035\n|switch|p1a: Corviknight|Corviknight, L50, F|76/100\n|-ability|p1a: Corviknight|Pressure\n|move|p2a: Milotic|Icy Wind|p1a: Corviknight\n|-damage|p1a: Corviknight|63/100\n|-unboost|p1a: Corviknight|spe|1\n|\n|upkeep\n|turn|8\n|\n|t:|1776743042\n|move|p2a: Milotic|Scald|p1a: Corviknight\n|-damage|p1a: Corviknight|33/100\n|-enditem|p1a: Corviknight|Sitrus Berry|[eat]\n|-heal|p1a: Corviknight|58/100|[from] item: Sitrus Berry\n|move|p1a: Corviknight|Brave Bird|p2a: Milotic\n|-damage|p2a: Milotic|63/100\n|-damage|p1a: Corviknight|46/100|[from] Recoil\n|\n|upkeep\n|turn|9\n|inactive|lligand has 30 seconds left.\n|\n|t:|1776743067\n|move|p2a: Milotic|Scald|p1a: Corviknight\n|-damage|p1a: Corviknight|15/100\n|-status|p1a: Corviknight|brn\n|move|p1a: Corviknight|Brave Bird|p2a: Milotic\n|-damage|p2a: Milotic|47/100\n|-enditem|p2a: Milotic|Sitrus Berry|[eat]\n|-heal|p2a: Milotic|71/100|[from] item: Sitrus Berry\n|-damage|p1a: Corviknight|10/100 brn|[from] Recoil\n|\n|-damage|p1a: Corviknight|4/100 brn|[from] brn\n|upkeep\n|turn|10\n|\n|t:|1776743071\n|move|p2a: Milotic|Recover|p2a: Milotic\n|-heal|p2a: Milotic|100/100\n|move|p1a: Corviknight|Brave Bird|p2a: Milotic\n|-damage|p2a: Milotic|81/100\n|-damage|p1a: Corviknight|0 fnt|[from] Recoil\n|faint|p1a: Corviknight\n|\n|upkeep\n|\n|t:|1776743073\n|switch|p1a: Gengar|Gengar-Mega, L50, F|100/100\n|turn|11\n|\n|t:|1776743076\n|move|p1a: Gengar|Sludge Bomb|p2a: Milotic\n|-damage|p2a: Milotic|50/100\n|move|p2a: Milotic|Mirror Coat|p1a: Gengar\n|-damage|p1a: Gengar|7/100\n|\n|upkeep\n|turn|12\n|\n|t:|1776743080\n|move|p1a: Gengar|Hypnosis|p2a: Milotic\n|-status|p2a: Milotic|slp|[from] move: Hypnosis\n|cant|p2a: Milotic|slp\n|\n|upkeep\n|turn|13\n|\n|t:|1776743082\n|move|p1a: Gengar|Hex|p2a: Milotic\n|-damage|p2a: Milotic|4/100 slp\n|-curestatus|p2a: Milotic|slp|[msg]\n|move|p2a: Milotic|Recover|p2a: Milotic\n|-heal|p2a: Milotic|54/100\n|\n|upkeep\n|turn|14\n|\n|t:|1776743088\n|move|p1a: Gengar|Hypnosis|p2a: Milotic\n|-status|p2a: Milotic|slp|[from] move: Hypnosis\n|cant|p2a: Milotic|slp\n|\n|upkeep\n|turn|15\n|\n|t:|1776743090\n|move|p1a: Gengar|Hex|p2a: Milotic\n|-damage|p2a: Milotic|10/100 slp\n|-curestatus|p2a: Milotic|slp|[msg]\n|move|p2a: Milotic|Recover|p2a: Milotic\n|-heal|p2a: Milotic|60/100\n|\n|upkeep\n|turn|16\n|\n|t:|1776743092\n|move|p1a: Gengar|Hypnosis|p2a: Milotic|[miss]\n|-miss|p1a: Gengar|p2a: Milotic\n|move|p2a: Milotic|Recover|p2a: Milotic\n|-heal|p2a: Milotic|100/100\n|\n|upkeep\n|turn|17\n|\n|t:|1776743096\n|move|p1a: Gengar|Hypnosis|p2a: Milotic|[miss]\n|-miss|p1a: Gengar|p2a: Milotic\n|move|p2a: Milotic|Scald|p1a: Gengar\n|-damage|p1a: Gengar|0 fnt\n|faint|p1a: Gengar\n|\n|upkeep\n|\n|t:|1776743097\n|switch|p1a: Garchomp|Garchomp, L50, M|100/100\n|turn|18\n|\n|t:|1776743100\n|move|p1a: Garchomp|Outrage|p2a: Milotic\n|-damage|p2a: Milotic|38/100\n|move|p2a: Milotic|Icy Wind|p1a: Garchomp\n|-supereffective|p1a: Garchomp|2\n|-damage|p1a: Garchomp|46/100\n|-unboost|p1a: Garchomp|spe|1\n|\n|upkeep\n|turn|19\n|j| p74\n|\n|t:|1776743107\n|move|p1a: Garchomp|Outrage|p2a: Milotic|[from] lockedmove\n|-damage|p2a: Milotic|0 fnt\n|faint|p2a: Milotic\n|-start|p1a: Garchomp|confusion|[fatigue]\n|\n|win|kalzero_0928\n|raw|kalzero_0928's rating: 1404 &rarr; <strong>1425</strong><br />(+21 for winning)\n|raw|lligand's rating: 1414 &rarr; <strong>1393</strong><br />(-21 for losing)\n|l|\u2606lligand\n|player|p2|\n|l|\u2606kalzero_0928\n|player|p1|\n|j|\u2606lligand\n|player|p2|lligand|2|\n", "uploadtime": 1776743635, "views": 2, "formatid": "gen9championsbssregma", "rating": 1393, "private": 0, "password": null}