{"id": "gen9championsbssregma-2590048322", "format": "[Gen 9 Champions] BSS Reg M-A", "players": ["outsidetoday", "gshs5"], "log": "|j|\u2606outsidetoday\n|j|\u2606gshs5\n|t:|1776783606\n|gametype|singles\n|player|p1|outsidetoday|roughneck|1164\n|player|p2|gshs5|101|1162\n|gen|9\n|tier|[Gen 9 Champions] BSS Reg M-A\n|rated|\n|rule|Species Clause: Limit one of each Pok\u00e9mon\n|rule|Item Clause: Limit 1 of each item\n|clearpoke\n|poke|p1|Garchomp, L50, M, shiny|\n|poke|p1|Meowscarada, L50, F, shiny|\n|poke|p1|Kangaskhan, L50, F, shiny|\n|poke|p1|Primarina, L50, F, shiny|\n|poke|p1|Delphox, L50, F, shiny|\n|poke|p1|Corviknight, L50, M, shiny|\n|poke|p2|Venusaur, L50, F|\n|poke|p2|Hippowdon, L50, M|\n|poke|p2|Aegislash, L50, M|\n|poke|p2|Altaria, L50, F|\n|poke|p2|Rotom-Wash, L50|\n|poke|p2|Scovillain, L50, F|\n|teampreview|3\n|inactive|Battle timer is ON: inactive players will automatically lose when time's up. (requested by outsidetoday)\n|inactive|gshs5 has 60 seconds left.\n|\n|t:|1776783659\n|teamsize|p1|3\n|teamsize|p2|3\n|start\n|switch|p1a: Primarina|Primarina, L50, F, shiny|100/100\n|switch|p2a: Rotom|Rotom-Wash, L50|100/100\n|turn|1\n|inactive|outsidetoday has 30 seconds left.\n|\n|t:|1776783686\n|move|p2a: Rotom|Thunder Wave|p1a: Primarina|[miss]\n|-miss|p2a: Rotom|p1a: Primarina\n|move|p1a: Primarina|Encore|p2a: Rotom\n|-start|p2a: Rotom|Encore\n|\n|upkeep\n|turn|2\n|\n|t:|1776783693\n|move|p2a: Rotom|Thunder Wave|p1a: Primarina\n|-status|p1a: Primarina|par\n|move|p1a: Primarina|Moonblast|p2a: Rotom\n|-damage|p2a: Rotom|41/100\n|-enditem|p2a: Rotom|Sitrus Berry|[eat]\n|-heal|p2a: Rotom|65/100|[from] item: Sitrus Berry\n|\n|upkeep\n|turn|3\n|\n|t:|1776783701\n|move|p2a: Rotom|Thunder Wave|p1a: Primarina\n|-fail|p1a: Primarina|par\n|cant|p1a: Primarina|par\n|\n|upkeep\n|turn|4\n|\n|t:|1776783705\n|move|p2a: Rotom|Thunder Wave|p1a: Primarina\n|-fail|p1a: Primarina|par\n|move|p1a: Primarina|Moonblast|p2a: Rotom\n|-damage|p2a: Rotom|8/100\n|\n|-end|p2a: Rotom|Encore\n|upkeep\n|turn|5\n|\n|t:|1776783713\n|move|p1a: Primarina|Aqua Jet|p2a: Rotom\n|-resisted|p2a: Rotom|1\n|-damage|p2a: Rotom|4/100\n|move|p2a: Rotom|Thunderbolt|p1a: Primarina\n|-supereffective|p1a: Primarina|1\n|-damage|p1a: Primarina|43/100 par\n|\n|-heal|p1a: Primarina|49/100 par|[from] item: Leftovers\n|upkeep\n|turn|6\n|\n|t:|1776783720\n|move|p1a: Primarina|Aqua Jet|p2a: Rotom\n|-resisted|p2a: Rotom|1\n|-damage|p2a: Rotom|0 fnt\n|faint|p2a: Rotom\n|\n|-heal|p1a: Primarina|55/100 par|[from] item: Leftovers\n|upkeep\n|\n|t:|1776783723\n|switch|p2a: Scovillain|Scovillain, L50, F|100/100\n|turn|7\n|\n|t:|1776783734\n|move|p2a: Scovillain|Substitute|p2a: Scovillain\n|-start|p2a: Scovillain|Substitute\n|-damage|p2a: Scovillain|75/100\n|cant|p1a: Primarina|par\n|\n|-heal|p2a: Scovillain|81/100|[from] item: Leftovers\n|-heal|p1a: Primarina|62/100 par|[from] item: Leftovers\n|-ability|p2a: Scovillain|Moody|boost\n|-boost|p2a: Scovillain|spe|2\n|-unboost|p2a: Scovillain|spd|1\n|upkeep\n|turn|8\n|\n|t:|1776783743\n|move|p2a: Scovillain|Protect|p2a: Scovillain\n|-singleturn|p2a: Scovillain|Protect\n|move|p1a: Primarina|Encore|p2a: Scovillain\n|-activate|p2a: Scovillain|move: Protect\n|\n|-heal|p2a: Scovillain|87/100|[from] item: Leftovers\n|-heal|p1a: Primarina|68/100 par|[from] item: Leftovers\n|-ability|p2a: Scovillain|Moody|boost\n|-boost|p2a: Scovillain|spa|2\n|-unboost|p2a: Scovillain|atk|1\n|upkeep\n|turn|9\n|\n|t:|1776783752\n|move|p2a: Scovillain|Giga Drain|p1a: Primarina\n|-supereffective|p1a: Primarina|1\n|-damage|p1a: Primarina|0 fnt\n|-heal|p2a: Scovillain|100/100|[from] drain|[of] p1a: Primarina\n|faint|p1a: Primarina\n|\n|-ability|p2a: Scovillain|Moody|boost\n|-boost|p2a: Scovillain|spe|2\n|-unboost|p2a: Scovillain|spa|1\n|upkeep\n|\n|t:|1776783765\n|switch|p1a: Delphox|Delphox, L50, F, shiny|100/100\n|turn|10\n|\n|t:|1776783768\n|detailschange|p1a: Delphox|Delphox-Mega, L50, F, shiny\n|-mega|p1a: Delphox|Delphox|Delphoxite\n|move|p2a: Scovillain|Protect|p2a: Scovillain\n|-singleturn|p2a: Scovillain|Protect\n|move|p1a: Delphox|Substitute|p1a: Delphox\n|-start|p1a: Delphox|Substitute\n|-damage|p1a: Delphox|75/100\n|\n|-ability|p2a: Scovillain|Moody|boost\n|-boost|p2a: Scovillain|atk|2\n|-unboost|p2a: Scovillain|spa|1\n|upkeep\n|turn|11\n|\n|t:|1776783778\n|move|p2a: Scovillain|Flamethrower|p1a: Delphox\n|-resisted|p1a: Delphox|1\n|-activate|p1a: Delphox|move: Substitute|[damage]\n|move|p1a: Delphox|Nasty Plot|p1a: Delphox\n|-boost|p1a: Delphox|spa|2\n|\n|-ability|p2a: Scovillain|Moody|boost\n|-boost|p2a: Scovillain|spd|2\n|-unboost|p2a: Scovillain|spa|1\n|upkeep\n|turn|12\n|\n|t:|1776783794\n|move|p2a: Scovillain|Flamethrower|p1a: Delphox\n|-resisted|p1a: Delphox|1\n|-end|p1a: Delphox|Substitute\n|move|p1a: Delphox|Psyshock|p2a: Scovillain\n|-end|p2a: Scovillain|Substitute\n|\n|-ability|p2a: Scovillain|Moody|boost\n|-boost|p2a: Scovillain|spe|2\n|-unboost|p2a: Scovillain|def|1\n|upkeep\n|turn|13\n|\n|t:|1776783808\n|move|p2a: Scovillain|Substitute|p2a: Scovillain\n|-start|p2a: Scovillain|Substitute\n|-damage|p2a: Scovillain|75/100\n|move|p1a: Delphox|Psyshock|p2a: Scovillain\n|-end|p2a: Scovillain|Substitute\n|\n|-heal|p2a: Scovillain|81/100|[from] item: Leftovers\n|-ability|p2a: Scovillain|Moody|boost\n|-boost|p2a: Scovillain|spd|2\n|-unboost|p2a: Scovillain|spa|1\n|upkeep\n|turn|14\n|\n|t:|1776783817\n|move|p2a: Scovillain|Protect|p2a: Scovillain\n|-singleturn|p2a: Scovillain|Protect\n|move|p1a: Delphox|Psyshock|p2a: Scovillain\n|-activate|p2a: Scovillain|move: Protect\n|\n|-heal|p2a: Scovillain|87/100|[from] item: Leftovers\n|-ability|p2a: Scovillain|Moody|boost\n|-boost|p2a: Scovillain|spa|2\n|-unboost|p2a: Scovillain|atk|1\n|upkeep\n|turn|15\n|\n|t:|1776783826\n|move|p2a: Scovillain|Substitute|p2a: Scovillain\n|-start|p2a: Scovillain|Substitute\n|-damage|p2a: Scovillain|62/100\n|move|p1a: Delphox|Psyshock|p2a: Scovillain\n|-end|p2a: Scovillain|Substitute\n|\n|-heal|p2a: Scovillain|68/100|[from] item: Leftovers\n|-ability|p2a: Scovillain|Moody|boost\n|-boost|p2a: Scovillain|spd|2\n|-unboost|p2a: Scovillain|atk|1\n|upkeep\n|turn|16\n|\n|t:|1776783835\n|move|p2a: Scovillain|Substitute|p2a: Scovillain\n|-start|p2a: Scovillain|Substitute\n|-damage|p2a: Scovillain|43/100\n|move|p1a: Delphox|Psyshock|p2a: Scovillain\n|-end|p2a: Scovillain|Substitute\n|\n|-heal|p2a: Scovillain|49/100|[from] item: Leftovers\n|-ability|p2a: Scovillain|Moody|boost\n|-boost|p2a: Scovillain|spa|2\n|-unboost|p2a: Scovillain|atk|1\n|upkeep\n|turn|17\n|\n|t:|1776783845\n|move|p2a: Scovillain|Protect|p2a: Scovillain\n|-singleturn|p2a: Scovillain|Protect\n|move|p1a: Delphox|Flamethrower|p2a: Scovillain\n|-activate|p2a: Scovillain|move: Protect\n|\n|-heal|p2a: Scovillain|55/100|[from] item: Leftovers\n|-ability|p2a: Scovillain|Moody|boost\n|-boost|p2a: Scovillain|def|2\n|-unboost|p2a: Scovillain|atk|1\n|upkeep\n|turn|18\n|\n|t:|1776783854\n|move|p2a: Scovillain|Giga Drain|p1a: Delphox\n|-resisted|p1a: Delphox|1\n|-damage|p1a: Delphox|47/100\n|-heal|p2a: Scovillain|67/100|[from] drain|[of] p1a: Delphox\n|move|p1a: Delphox|Flamethrower|p2a: Scovillain\n|-damage|p2a: Scovillain|19/100\n|\n|-heal|p2a: Scovillain|24/100|[from] item: Leftovers\n|-ability|p2a: Scovillain|Moody|boost\n|-boost|p2a: Scovillain|spa|2\n|-unboost|p2a: Scovillain|spd|1\n|upkeep\n|turn|19\n|\n|t:|1776783869\n|move|p2a: Scovillain|Flamethrower|p1a: Delphox\n|-resisted|p1a: Delphox|1\n|-damage|p1a: Delphox|3/100\n|move|p1a: Delphox|Psyshock|p2a: Scovillain\n|-damage|p2a: Scovillain|0 fnt\n|faint|p2a: Scovillain\n|\n|upkeep\n|\n|t:|1776783874\n|switch|p2a: Altaria|Altaria, L50, F|100/100\n|-ability|p2a: Altaria|Cloud Nine\n|turn|20\n|\n|t:|1776783880\n|detailschange|p2a: Altaria|Altaria-Mega, L50, F\n|-mega|p2a: Altaria|Altaria|Altarianite\n|move|p1a: Delphox|Psyshock|p2a: Altaria\n|-damage|p2a: Altaria|0 fnt\n|faint|p2a: Altaria\n|\n|win|outsidetoday\n|raw|outsidetoday's rating: 1164 &rarr; <strong>1189</strong><br />(+25 for winning)\n|raw|gshs5's rating: 1162 &rarr; <strong>1137</strong><br />(-25 for losing)\n", "uploadtime": 1776783882, "views": 1, "formatid": "gen9championsbssregma", "rating": 1137, "private": 0, "password": null}