{"id": "gen9championsbssregma-2594729403", "format": "[Gen 9 Champions] BSS Reg M-A", "players": ["maro8950", "DiceyRice"], "log": "|j|\u2606maro8950\n|j|\u2606DiceyRice\n|t:|1777228137\n|gametype|singles\n|player|p1|maro8950|101|1295\n|player|p2|DiceyRice|miku-ghost|1554\n|gen|9\n|tier|[Gen 9 Champions] BSS Reg M-A\n|rated|\n|rule|Species Clause: Limit one of each Pok\u00e9mon\n|rule|Item Clause: Limit 1 of each item\n|clearpoke\n|poke|p1|Sneasler, L50, F|\n|poke|p1|Basculegion, L50, M|\n|poke|p1|Scizor, L50, M|\n|poke|p1|Garchomp, L50, F|\n|poke|p1|Venusaur, L50, M|\n|poke|p1|Ceruledge, L50, M|\n|poke|p2|Clefable, L50, M|\n|poke|p2|Espathra, L50, M|\n|poke|p2|Incineroar, L50, F|\n|poke|p2|Aegislash, L50, F|\n|poke|p2|Hydreigon, L50, F|\n|poke|p2|Floette-Eternal, L50, F|\n|teampreview|3\n|\n|t:|1777228199\n|teamsize|p1|3\n|teamsize|p2|3\n|start\n|switch|p1a: Garchomp|Garchomp, L50, F|100/100\n|switch|p2a: Espathra|Espathra, L50, M|100/100\n|turn|1\n|\n|t:|1777228204\n|move|p2a: Espathra|Substitute|p2a: Espathra\n|-start|p2a: Espathra|Substitute\n|-damage|p2a: Espathra|75/100\n|move|p1a: Garchomp|Stealth Rock|p2a: Espathra\n|-sidestart|p2: DiceyRice|move: Stealth Rock\n|\n|-heal|p2a: Espathra|81/100|[from] item: Leftovers\n|-ability|p2a: Espathra|Speed Boost|boost\n|-boost|p2a: Espathra|spe|1\n|upkeep\n|turn|2\n|\n|t:|1777228209\n|move|p2a: Espathra|Protect|p2a: Espathra\n|-singleturn|p2a: Espathra|Protect\n|move|p1a: Garchomp|Earthquake|p2a: Espathra\n|-activate|p2a: Espathra|move: Protect\n|\n|-heal|p2a: Espathra|87/100|[from] item: Leftovers\n|-ability|p2a: Espathra|Speed Boost|boost\n|-boost|p2a: Espathra|spe|1\n|upkeep\n|turn|3\n|\n|t:|1777228212\n|move|p2a: Espathra|Calm Mind|p2a: Espathra\n|-boost|p2a: Espathra|spa|1\n|-boost|p2a: Espathra|spd|1\n|move|p1a: Garchomp|Earthquake|p2a: Espathra\n|-end|p2a: Espathra|Substitute\n|\n|-heal|p2a: Espathra|93/100|[from] item: Leftovers\n|-ability|p2a: Espathra|Speed Boost|boost\n|-boost|p2a: Espathra|spe|1\n|upkeep\n|turn|4\n|\n|t:|1777228218\n|move|p2a: Espathra|Protect|p2a: Espathra\n|-singleturn|p2a: Espathra|Protect\n|move|p1a: Garchomp|Dragon Tail|p2a: Espathra\n|-activate|p2a: Espathra|move: Protect\n|\n|-heal|p2a: Espathra|99/100|[from] item: Leftovers\n|-ability|p2a: Espathra|Speed Boost|boost\n|-boost|p2a: Espathra|spe|1\n|upkeep\n|turn|5\n|\n|t:|1777228221\n|move|p2a: Espathra|Substitute|p2a: Espathra\n|-start|p2a: Espathra|Substitute\n|-damage|p2a: Espathra|74/100\n|move|p1a: Garchomp|Spikes|p2a: Espathra\n|-sidestart|p2: DiceyRice|Spikes\n|\n|-heal|p2a: Espathra|80/100|[from] item: Leftovers\n|-ability|p2a: Espathra|Speed Boost|boost\n|-boost|p2a: Espathra|spe|1\n|upkeep\n|turn|6\n|\n|t:|1777228227\n|move|p2a: Espathra|Calm Mind|p2a: Espathra\n|-boost|p2a: Espathra|spa|1\n|-boost|p2a: Espathra|spd|1\n|move|p1a: Garchomp|Earthquake|p2a: Espathra\n|-end|p2a: Espathra|Substitute\n|\n|-heal|p2a: Espathra|86/100|[from] item: Leftovers\n|-ability|p2a: Espathra|Speed Boost|boost\n|-boost|p2a: Espathra|spe|1\n|upkeep\n|turn|7\n|\n|t:|1777228231\n|move|p2a: Espathra|Substitute|p2a: Espathra\n|-start|p2a: Espathra|Substitute\n|-damage|p2a: Espathra|61/100\n|move|p1a: Garchomp|Earthquake|p2a: Espathra\n|-end|p2a: Espathra|Substitute\n|\n|-heal|p2a: Espathra|67/100|[from] item: Leftovers\n|upkeep\n|turn|8\n|\n|t:|1777228240\n|move|p2a: Espathra|Substitute|p2a: Espathra\n|-start|p2a: Espathra|Substitute\n|-damage|p2a: Espathra|42/100\n|move|p1a: Garchomp|Earthquake|p2a: Espathra\n|-end|p2a: Espathra|Substitute\n|\n|-heal|p2a: Espathra|48/100|[from] item: Leftovers\n|upkeep\n|turn|9\n|\n|t:|1777228246\n|move|p2a: Espathra|Baton Pass|p2a: Espathra\n|\n|t:|1777228248\n|switch|p2a: Clefable|Clefable, L50, M|100/100|[from] Baton Pass\n|-damage|p2a: Clefable|87/100|[from] Stealth Rock\n|-damage|p2a: Clefable|75/100|[from] Spikes\n|move|p1a: Garchomp|Earthquake|p2a: Clefable\n|-damage|p2a: Clefable|37/100\n|\n|upkeep\n|turn|10\n|inactive|Battle timer is ON: inactive players will automatically lose when time's up. (requested by maro8950)\n|\n|t:|1777228262\n|move|p2a: Clefable|Moonlight|p2a: Clefable\n|-heal|p2a: Clefable|87/100\n|move|p1a: Garchomp|Earthquake|p2a: Clefable\n|-damage|p2a: Clefable|51/100\n|\n|upkeep\n|turn|11\n|\n|t:|1777228275\n|detailschange|p2a: Clefable|Clefable-Mega, L50, M\n|-mega|p2a: Clefable|Clefable|Clefablite\n|move|p2a: Clefable|Cosmic Power|p2a: Clefable\n|-boost|p2a: Clefable|def|1\n|-boost|p2a: Clefable|spd|1\n|move|p1a: Garchomp|Spikes|p2a: Clefable\n|move|p2a: Clefable|Spikes|p1a: Garchomp|[from] ability: Magic Bounce\n|-sidestart|p1: maro8950|Spikes\n|\n|upkeep\n|turn|12\n|-message|maro8950 forfeited.\n|\n|win|DiceyRice\n|raw|maro8950's rating: 1295 &rarr; <strong>1286</strong><br />(-9 for losing)\n|raw|DiceyRice's rating: 1554 &rarr; <strong>1561</strong><br />(+7 for winning)\n|l|\u2606maro8950\n|player|p1|\n", "uploadtime": 1777228290, "views": 5, "formatid": "gen9championsbssregma", "rating": 1286, "private": 0, "password": null}