{"id": "gen9championsbssregma-2591834656", "format": "[Gen 9 Champions] BSS Reg M-A", "players": ["Sad Avacado", "Jean-Raoul Scoot"], "log": "|j|\u2606Sad Avacado\n|j|\u2606Jean-Raoul Scoot\n|t:|1776943763\n|gametype|singles\n|player|p1|Sad Avacado|266|1302\n|player|p2|Jean-Raoul Scoot|bugcatcher-gen4dp|1227\n|gen|9\n|tier|[Gen 9 Champions] BSS Reg M-A\n|rated|\n|rule|Species Clause: Limit one of each Pok\u00e9mon\n|rule|Item Clause: Limit 1 of each item\n|clearpoke\n|poke|p1|Goodra-Hisui, L50, M, shiny|\n|poke|p1|Hatterene, L50, F, shiny|\n|poke|p1|Salazzle, L50, F|\n|poke|p1|Espathra, L50, M, shiny|\n|poke|p1|Gyarados, L50, F|\n|poke|p1|Machamp, L50, F|\n|poke|p2|Samurott-Hisui, L50, M|\n|poke|p2|Bellibolt, L50, M|\n|poke|p2|Excadrill, L50, M|\n|poke|p2|Dragonite, L50, M, shiny|\n|poke|p2|Skeledirge, L50, F|\n|poke|p2|Meowscarada, L50, F|\n|teampreview|3\n|inactive|Battle timer is ON: inactive players will automatically lose when time's up. (requested by Jean-Raoul Scoot)\n|inactive|Sad Avacado has 60 seconds left.\n|inactive|Sad Avacado has 30 seconds left.\n|inactive|Sad Avacado has 20 seconds left.\n|inactive|Sad Avacado has 15 seconds left.\n|\n|t:|1776943845\n|teamsize|p1|3\n|teamsize|p2|3\n|start\n|switch|p1a: Machamp|Machamp, L50, F|100/100\n|switch|p2a: Samurott|Samurott-Hisui, L50, M|100/100\n|turn|1\n|\n|t:|1776943855\n|switch|p2a: Skeledirge|Skeledirge, L50, F|100/100\n|move|p1a: Machamp|Dynamic Punch|p2a: Skeledirge\n|-immune|p2a: Skeledirge\n|\n|upkeep\n|turn|2\n|\n|t:|1776943867\n|move|p2a: Skeledirge|Torch Song|p1a: Machamp\n|-damage|p1a: Machamp|68/100\n|-boost|p2a: Skeledirge|spa|1\n|move|p1a: Machamp|Stone Edge|p2a: Skeledirge\n|-supereffective|p2a: Skeledirge|1\n|-crit|p2a: Skeledirge\n|-damage|p2a: Skeledirge|28/100\n|\n|-heal|p2a: Skeledirge|35/100|[from] item: Leftovers\n|upkeep\n|turn|3\n|\n|t:|1776943877\n|move|p2a: Skeledirge|Slack Off|p2a: Skeledirge\n|-heal|p2a: Skeledirge|85/100\n|move|p1a: Machamp|Stone Edge|p2a: Skeledirge\n|-supereffective|p2a: Skeledirge|1\n|-crit|p2a: Skeledirge\n|-damage|p2a: Skeledirge|8/100\n|\n|-heal|p2a: Skeledirge|14/100|[from] item: Leftovers\n|upkeep\n|turn|4\n|c|\u2606Jean-Raoul Scoot|????????\n|\n|t:|1776943887\n|move|p2a: Skeledirge|Slack Off|p2a: Skeledirge\n|-heal|p2a: Skeledirge|64/100\n|move|p1a: Machamp|Stone Edge|p2a: Skeledirge\n|-supereffective|p2a: Skeledirge|1\n|-damage|p2a: Skeledirge|17/100\n|\n|-heal|p2a: Skeledirge|23/100|[from] item: Leftovers\n|upkeep\n|turn|5\n|\n|t:|1776943903\n|move|p2a: Skeledirge|Slack Off|p2a: Skeledirge\n|-heal|p2a: Skeledirge|73/100\n|move|p1a: Machamp|Stone Edge|p2a: Skeledirge\n|-supereffective|p2a: Skeledirge|1\n|-crit|p2a: Skeledirge\n|-damage|p2a: Skeledirge|0 fnt\n|faint|p2a: Skeledirge\n|\n|upkeep\n|\n|t:|1776943918\n|switch|p2a: Samurott|Samurott-Hisui, L50, M|100/100\n|turn|6\n|\n|t:|1776943929\n|move|p2a: Samurott|Razor Shell|p1a: Machamp\n|-damage|p1a: Machamp|12/100\n|move|p1a: Machamp|Dynamic Punch|p2a: Samurott\n|-supereffective|p2a: Samurott|1\n|-crit|p2a: Samurott\n|-enditem|p2a: Samurott|Focus Sash\n|-damage|p2a: Samurott|1/100\n|-start|p2a: Samurott|confusion\n|\n|upkeep\n|turn|7\n|\n|t:|1776943946\n|-activate|p2a: Samurott|confusion\n|-damage|p2a: Samurott|0 fnt|[from] confusion\n|faint|p2a: Samurott\n|move|p1a: Machamp|Bullet Punch|p2: Samurott|[notarget]\n|-fail|p1a: Machamp\n|\n|upkeep\n|-message|Jean-Raoul Scoot forfeited.\n|\n|win|Sad Avacado\n|raw|Sad Avacado's rating: 1302 &rarr; <strong>1318</strong><br />(+16 for winning)\n|raw|Jean-Raoul Scoot's rating: 1227 &rarr; <strong>1207</strong><br />(-20 for losing)\n|l|\u2606Jean-Raoul Scoot\n|player|p2|\n", "uploadtime": 1776943960, "views": 3, "formatid": "gen9championsbssregma", "rating": 1207, "private": 0, "password": null}