{"id": "gen9championsbssregma-2594333046", "format": "[Gen 9 Champions] BSS Reg M-A", "players": ["DiceyRice", "nrgkrg"], "log": "|j|\u2606DiceyRice\n|j|\u2606nrgkrg\n|t:|1777181551\n|gametype|singles\n|player|p1|DiceyRice|miku-ghost|1356\n|player|p2|nrgkrg|1|1297\n|gen|9\n|tier|[Gen 9 Champions] BSS Reg M-A\n|rated|\n|rule|Species Clause: Limit one of each Pok\u00e9mon\n|rule|Item Clause: Limit 1 of each item\n|clearpoke\n|poke|p1|Clefable, L50, M|\n|poke|p1|Espathra, L50, F|\n|poke|p1|Incineroar, L50, F|\n|poke|p1|Aegislash, L50, F|\n|poke|p1|Hydreigon, L50, F|\n|poke|p1|Floette-Eternal, L50, F|\n|poke|p2|Gengar, L50, F|\n|poke|p2|Lopunny, L50, M|\n|poke|p2|Garchomp, L50, F|\n|poke|p2|Corviknight, L50, F|\n|poke|p2|Primarina, L50, F|\n|poke|p2|Aegislash, L50, M|\n|teampreview|3\n|\n|t:|1777181609\n|teamsize|p1|3\n|teamsize|p2|3\n|start\n|switch|p1a: Espathra|Espathra, L50, F|100/100\n|switch|p2a: Aegislash|Aegislash, L50, M|100/100\n|turn|1\n|\n|t:|1777181614\n|move|p1a: Espathra|Protect|p1a: Espathra\n|-singleturn|p1a: Espathra|Protect\n|-formechange|p2a: Aegislash|Aegislash-Blade|\n|move|p2a: Aegislash|Poltergeist|p1a: Espathra\n|-activate|p1a: Espathra|move: Protect\n|\n|-ability|p1a: Espathra|Speed Boost|boost\n|-boost|p1a: Espathra|spe|1\n|upkeep\n|turn|2\n|\n|t:|1777181618\n|move|p1a: Espathra|Baton Pass|p1a: Espathra\n|\n|t:|1777181619\n|switch|p1a: Incineroar|Incineroar, L50, F|100/100|[from] Baton Pass\n|-ability|p1a: Incineroar|Intimidate|boost\n|-unboost|p2a: Aegislash|atk|1\n|move|p2a: Aegislash|Poltergeist|p1a: Incineroar\n|-activate|p1a: Incineroar|move: Poltergeist|Sitrus Berry\n|-resisted|p1a: Incineroar|1\n|-damage|p1a: Incineroar|73/100\n|\n|upkeep\n|turn|3\n|\n|t:|1777181622\n|switch|p2a: Primarina|Primarina, L50, F|100/100\n|move|p1a: Incineroar|Bulk Up|p1a: Incineroar\n|-boost|p1a: Incineroar|atk|1\n|-boost|p1a: Incineroar|def|1\n|\n|upkeep\n|turn|4\n|\n|t:|1777181628\n|move|p1a: Incineroar|Baton Pass|p1a: Incineroar\n|\n|t:|1777181630\n|switch|p1a: Espathra|Espathra, L50, F|100/100|[from] Baton Pass\n|move|p2a: Primarina|Sparkling Aria|p1a: Espathra\n|-damage|p1a: Espathra|39/100\n|\n|-heal|p1a: Espathra|45/100|[from] item: Leftovers\n|upkeep\n|turn|5\n|j| toppo23\n|\n|t:|1777181654\n|switch|p2a: Aegislash|Aegislash, L50, M|100/100\n|move|p1a: Espathra|Protect||[still]\n|-fail|p1a: Espathra\n|\n|-heal|p1a: Espathra|51/100|[from] item: Leftovers\n|-ability|p1a: Espathra|Speed Boost|boost\n|-boost|p1a: Espathra|spe|1\n|upkeep\n|turn|6\n|\n|t:|1777181658\n|move|p1a: Espathra|Protect|p1a: Espathra\n|-singleturn|p1a: Espathra|Protect\n|-formechange|p2a: Aegislash|Aegislash-Blade|\n|move|p2a: Aegislash|Shadow Sneak|p1a: Espathra\n|-activate|p1a: Espathra|move: Protect\n|\n|-heal|p1a: Espathra|57/100|[from] item: Leftovers\n|-ability|p1a: Espathra|Speed Boost|boost\n|-boost|p1a: Espathra|spe|1\n|upkeep\n|turn|7\n|\n|t:|1777181665\n|move|p2a: Aegislash|Shadow Sneak|p1a: Espathra\n|-supereffective|p1a: Espathra|1\n|-damage|p1a: Espathra|8/100\n|move|p1a: Espathra|Baton Pass|p1a: Espathra\n|\n|t:|1777181667\n|switch|p1a: Incineroar|Incineroar, L50, F|73/100|[from] Baton Pass\n|-ability|p1a: Incineroar|Intimidate|boost\n|-unboost|p2a: Aegislash|atk|1\n|\n|upkeep\n|turn|8\n|\n|t:|1777181680\n|switch|p2a: Primarina|Primarina, L50, F|100/100\n|move|p1a: Incineroar|Baton Pass|p1a: Incineroar\n|\n|t:|1777181681\n|switch|p1a: Clefable|Clefable, L50, M|100/100|[from] Baton Pass\n|\n|upkeep\n|turn|9\n|\n|t:|1777181691\n|switch|p2a: Aegislash|Aegislash, L50, M|100/100\n|detailschange|p1a: Clefable|Clefable-Mega, L50, M\n|-mega|p1a: Clefable|Clefable|Clefablite\n|move|p1a: Clefable|Cosmic Power|p1a: Clefable\n|-boost|p1a: Clefable|def|1\n|-boost|p1a: Clefable|spd|1\n|\n|upkeep\n|turn|10\n|\n|t:|1777181697\n|move|p1a: Clefable|Cosmic Power|p1a: Clefable\n|-boost|p1a: Clefable|def|1\n|-boost|p1a: Clefable|spd|1\n|move|p2a: Aegislash|Swords Dance|p2a: Aegislash\n|-boost|p2a: Aegislash|atk|2\n|\n|upkeep\n|turn|11\n|\n|t:|1777181704\n|move|p1a: Clefable|Cosmic Power|p1a: Clefable\n|-boost|p1a: Clefable|def|1\n|-boost|p1a: Clefable|spd|1\n|move|p2a: Aegislash|Swords Dance|p2a: Aegislash\n|-boost|p2a: Aegislash|atk|2\n|\n|upkeep\n|turn|12\n|\n|t:|1777181706\n|move|p1a: Clefable|Cosmic Power|p1a: Clefable\n|-boost|p1a: Clefable|def|1\n|-boost|p1a: Clefable|spd|1\n|move|p2a: Aegislash|Swords Dance|p2a: Aegislash\n|-boost|p2a: Aegislash|atk|2\n|\n|upkeep\n|turn|13\n|\n|t:|1777181708\n|move|p1a: Clefable|Cosmic Power|p1a: Clefable\n|-boost|p1a: Clefable|def|1\n|-boost|p1a: Clefable|spd|1\n|-formechange|p2a: Aegislash|Aegislash-Blade|\n|move|p2a: Aegislash|Poltergeist|p1a: Clefable\n|-activate|p1a: Clefable|move: Poltergeist|Clefablite\n|-damage|p1a: Clefable|43/100\n|\n|upkeep\n|turn|14\n|\n|t:|1777181712\n|move|p1a: Clefable|Moonlight|p1a: Clefable\n|-heal|p1a: Clefable|93/100\n|move|p2a: Aegislash|Poltergeist|p1a: Clefable|[miss]\n|-miss|p2a: Aegislash|p1a: Clefable\n|\n|upkeep\n|turn|15\n|\n|t:|1777181715\n|move|p1a: Clefable|Stored Power|p2a: Aegislash\n|-resisted|p2a: Aegislash|1\n|-damage|p2a: Aegislash|8/100\n|move|p2a: Aegislash|Poltergeist|p1a: Clefable\n|-activate|p1a: Clefable|move: Poltergeist|Clefablite\n|-damage|p1a: Clefable|42/100\n|\n|upkeep\n|turn|16\n|-message|nrgkrg forfeited.\n|\n|win|DiceyRice\n|raw|DiceyRice's rating: 1356 &rarr; <strong>1373</strong><br />(+17 for winning)\n|raw|nrgkrg's rating: 1297 &rarr; <strong>1276</strong><br />(-21 for losing)\n|l|\u2606nrgkrg\n|player|p2|\n", "uploadtime": 1777182090, "views": 2, "formatid": "gen9championsbssregma", "rating": 1276, "private": 0, "password": null}