{"id": "gen9championsbssregma-2589718826", "format": "[Gen 9 Champions] BSS Reg M-A", "players": ["DeaRubbish", "outsidetoday"], "log": "|j|\u2606DeaRubbish\n|j|\u2606outsidetoday\n|t:|1776751426\n|gametype|singles\n|player|p1|DeaRubbish|101|1334\n|player|p2|outsidetoday|roughneck|1355\n|gen|9\n|tier|[Gen 9 Champions] BSS Reg M-A\n|rated|\n|rule|Species Clause: Limit one of each Pok\u00e9mon\n|rule|Item Clause: Limit 1 of each item\n|clearpoke\n|poke|p1|Garchomp, L50, F|\n|poke|p1|Gengar, L50, M|\n|poke|p1|Rotom-Heat, L50|\n|poke|p1|Primarina, L50, M|\n|poke|p1|Scizor, L50, M|\n|poke|p1|Umbreon, L50, M|\n|poke|p2|Garchomp, L50, M, shiny|\n|poke|p2|Primarina, L50, F, shiny|\n|poke|p2|Corviknight, L50, M, shiny|\n|poke|p2|Delphox, L50, M, shiny|\n|poke|p2|Meowscarada, L50, F, shiny|\n|poke|p2|Scizor, L50, M, shiny|\n|teampreview|3\n|inactive|Battle timer is ON: inactive players will automatically lose when time's up. (requested by outsidetoday)\n|inactive|DeaRubbish has 60 seconds left.\n|\n|t:|1776751460\n|teamsize|p1|3\n|teamsize|p2|3\n|start\n|switch|p1a: Rotom|Rotom-Heat, L50|100/100\n|switch|p2a: Garchomp|Garchomp, L50, M, shiny|100/100\n|turn|1\n|\n|t:|1776751470\n|move|p1a: Rotom|Trick|p2a: Garchomp\n|-activate|p1a: Rotom|move: Trick|[of] p2a: Garchomp\n|-item|p2a: Garchomp|Choice Scarf|[from] move: Trick\n|-item|p1a: Rotom|Focus Sash|[from] move: Trick\n|move|p2a: Garchomp|Rock Tomb|p1a: Rotom\n|-supereffective|p1a: Rotom|1\n|-damage|p1a: Rotom|51/100\n|-unboost|p1a: Rotom|spe|1\n|\n|upkeep\n|turn|2\n|\n|t:|1776751478\n|switch|p1a: Umbreon|Umbreon, L50, M|100/100\n|move|p2a: Garchomp|Rock Tomb|p1a: Umbreon\n|-damage|p1a: Umbreon|88/100\n|-unboost|p1a: Umbreon|spe|1\n|\n|-heal|p1a: Umbreon|94/100|[from] item: Leftovers\n|upkeep\n|turn|3\n|\n|t:|1776751487\n|switch|p2a: Primarina|Primarina, L50, F, shiny|100/100\n|switch|p1a: Gengar|Gengar, L50, M|100/100\n|\n|upkeep\n|turn|4\n|\n|t:|1776751495\n|switch|p2a: Garchomp|Garchomp, L50, M, shiny|100/100\n|detailschange|p1a: Gengar|Gengar-Mega, L50, M\n|-mega|p1a: Gengar|Gengar|Gengarite\n|move|p1a: Gengar|Sludge Wave|p2a: Garchomp\n|-resisted|p2a: Garchomp|1\n|-damage|p2a: Garchomp|72/100\n|-status|p2a: Garchomp|psn\n|\n|-damage|p2a: Garchomp|60/100 psn|[from] psn\n|upkeep\n|turn|5\n|\n|t:|1776751507\n|switch|p1a: Rotom|Rotom-Heat, L50|51/100\n|move|p2a: Garchomp|Rock Tomb|p1a: Rotom\n|-supereffective|p1a: Rotom|1\n|-damage|p1a: Rotom|5/100\n|-unboost|p1a: Rotom|spe|1\n|\n|-damage|p2a: Garchomp|48/100 psn|[from] psn\n|upkeep\n|turn|6\n|\n|t:|1776751517\n|move|p2a: Garchomp|Rock Tomb|p1a: Rotom\n|-supereffective|p1a: Rotom|1\n|-damage|p1a: Rotom|0 fnt\n|faint|p1a: Rotom\n|\n|-damage|p2a: Garchomp|35/100 psn|[from] psn\n|upkeep\n|\n|t:|1776751524\n|switch|p1a: Umbreon|Umbreon, L50, M|94/100\n|turn|7\n|\n|t:|1776751527\n|switch|p2a: Primarina|Primarina, L50, F, shiny|100/100\n|move|p1a: Umbreon|Yawn|p2a: Primarina\n|-start|p2a: Primarina|move: Yawn|[of] p1a: Umbreon\n|\n|-heal|p1a: Umbreon|99/100|[from] item: Leftovers\n|upkeep\n|turn|8\n|\n|t:|1776751536\n|switch|p2a: Scizor|Scizor, L50, M, shiny|100/100\n|move|p1a: Umbreon|Foul Play|p2a: Scizor\n|-damage|p2a: Scizor|45/100\n|\n|-heal|p1a: Umbreon|100/100|[from] item: Leftovers\n|upkeep\n|turn|9\n|\n|t:|1776751545\n|detailschange|p2a: Scizor|Scizor-Mega, L50, M, shiny\n|-mega|p2a: Scizor|Scizor|Scizorite\n|move|p2a: Scizor|Close Combat|p1a: Umbreon\n|-supereffective|p1a: Umbreon|1\n|-damage|p1a: Umbreon|38/100\n|-unboost|p2a: Scizor|def|1\n|-unboost|p2a: Scizor|spd|1\n|move|p1a: Umbreon|Foul Play|p2a: Scizor\n|-damage|p2a: Scizor|0 fnt\n|faint|p2a: Scizor\n|\n|-heal|p1a: Umbreon|44/100|[from] item: Leftovers\n|upkeep\n|\n|t:|1776751556\n|switch|p2a: Primarina|Primarina, L50, F, shiny|100/100\n|turn|10\n|\n|t:|1776751559\n|move|p1a: Umbreon|Protect|p1a: Umbreon\n|-singleturn|p1a: Umbreon|Protect\n|move|p2a: Primarina|Moonblast|p1a: Umbreon\n|-activate|p1a: Umbreon|move: Protect\n|\n|-heal|p1a: Umbreon|50/100|[from] item: Leftovers\n|upkeep\n|turn|11\n|\n|t:|1776751566\n|switch|p1a: Gengar|Gengar-Mega, L50, M|100/100\n|move|p2a: Primarina|Moonblast|p1a: Gengar\n|-resisted|p1a: Gengar|1\n|-crit|p1a: Gengar\n|-damage|p1a: Gengar|65/100\n|\n|upkeep\n|turn|12\n|\n|t:|1776751573\n|move|p1a: Gengar|Sludge Wave|p2a: Primarina\n|-supereffective|p2a: Primarina|1\n|-damage|p2a: Primarina|7/100\n|-enditem|p2a: Primarina|Sitrus Berry|[eat]\n|-heal|p2a: Primarina|32/100|[from] item: Sitrus Berry\n|move|p2a: Primarina|Sparkling Aria|p1a: Gengar\n|-damage|p1a: Gengar|0 fnt\n|faint|p1a: Gengar\n|\n|upkeep\n|\n|t:|1776751581\n|switch|p1a: Umbreon|Umbreon, L50, M|50/100\n|turn|13\n|\n|t:|1776751585\n|move|p1a: Umbreon|Protect|p1a: Umbreon\n|-singleturn|p1a: Umbreon|Protect\n|move|p2a: Primarina|Moonblast|p1a: Umbreon\n|-activate|p1a: Umbreon|move: Protect\n|\n|-heal|p1a: Umbreon|56/100|[from] item: Leftovers\n|upkeep\n|turn|14\n|\n|t:|1776751591\n|move|p1a: Umbreon|Yawn|p2a: Primarina\n|-start|p2a: Primarina|move: Yawn|[of] p1a: Umbreon\n|move|p2a: Primarina|Moonblast|p1a: Umbreon\n|-supereffective|p1a: Umbreon|1\n|-damage|p1a: Umbreon|0 fnt\n|faint|p1a: Umbreon\n|\n|win|outsidetoday\n|raw|DeaRubbish's rating: 1334 &rarr; <strong>1315</strong><br />(-19 for losing)\n|raw|outsidetoday's rating: 1355 &rarr; <strong>1374</strong><br />(+19 for winning)\n|l|\u2606DeaRubbish\n|player|p1|\n|l|\u2606outsidetoday\n|player|p2|\n", "uploadtime": 1776751601, "views": 1, "formatid": "gen9championsbssregma", "rating": 1315, "private": 0, "password": null}