{"id": "gen9championsbssregma-2589726209", "format": "[Gen 9 Champions] BSS Reg M-A", "players": ["nskakpaaaja", "ninano200"], "log": "|j|\u2606nskakpaaaja\n|j|\u2606ninano200\n|t:|1776752397\n|gametype|singles\n|player|p1|nskakpaaaja|guitarist|1416\n|player|p2|ninano200|169|1324\n|gen|9\n|tier|[Gen 9 Champions] BSS Reg M-A\n|rated|\n|rule|Species Clause: Limit one of each Pok\u00e9mon\n|rule|Item Clause: Limit 1 of each item\n|clearpoke\n|poke|p1|Charizard, L50, F|\n|poke|p1|Meganium, L50, M|\n|poke|p1|Greninja, L50, M|\n|poke|p1|Garchomp, L50, F|\n|poke|p1|Mimikyu, L50, M|\n|poke|p1|Kingambit, L50, M|\n|poke|p2|Charizard, L50, M|\n|poke|p2|Hippowdon, L50, M|\n|poke|p2|Greninja, L50, F|\n|poke|p2|Mimikyu, L50, M|\n|poke|p2|Corviknight, L50, F|\n|poke|p2|Aegislash, L50, F|\n|teampreview|3\n|inactive|Battle timer is ON: inactive players will automatically lose when time's up. (requested by ninano200)\n|\n|t:|1776752424\n|teamsize|p1|3\n|teamsize|p2|3\n|start\n|switch|p1a: Greninja|Greninja, L50, M|100/100\n|switch|p2a: Hippowdon|Hippowdon, L50, M|100/100\n|-weather|Sandstorm|[from] ability: Sand Stream|[of] p2a: Hippowdon\n|turn|1\n|\n|t:|1776752439\n|move|p1a: Greninja|Taunt|p2a: Hippowdon\n|-start|p2a: Hippowdon|move: Taunt\n|move|p2a: Hippowdon|Earthquake|p1a: Greninja\n|-damage|p1a: Greninja|39/100\n|\n|-weather|Sandstorm|[upkeep]\n|-damage|p1a: Greninja|33/100|[from] Sandstorm\n|upkeep\n|turn|2\n|\n|t:|1776752448\n|move|p1a: Greninja|Surf|p2a: Hippowdon\n|-supereffective|p2a: Hippowdon|1\n|-damage|p2a: Hippowdon|0 fnt\n|faint|p2a: Hippowdon\n|\n|-weather|Sandstorm|[upkeep]\n|-damage|p1a: Greninja|27/100|[from] Sandstorm\n|upkeep\n|\n|t:|1776752452\n|switch|p2a: Mimikyu|Mimikyu, L50, M|100/100\n|turn|3\n|\n|t:|1776752461\n|move|p1a: Greninja|Taunt|p2a: Mimikyu\n|-start|p2a: Mimikyu|move: Taunt\n|move|p2a: Mimikyu|Drain Punch|p1a: Greninja\n|-supereffective|p1a: Greninja|1\n|-damage|p1a: Greninja|0 fnt\n|faint|p1a: Greninja\n|\n|-weather|Sandstorm|[upkeep]\n|-damage|p2a: Mimikyu|95/100|[from] Sandstorm\n|upkeep\n|\n|t:|1776752471\n|switch|p1a: Charizard|Charizard, L50, F|100/100\n|turn|4\n|\n|t:|1776752479\n|move|p2a: Mimikyu|Shadow Sneak|p1a: Charizard\n|-damage|p1a: Charizard|76/100\n|move|p1a: Charizard|Dragon Dance|p1a: Charizard\n|-boost|p1a: Charizard|atk|1\n|-boost|p1a: Charizard|spe|1\n|\n|-weather|Sandstorm|[upkeep]\n|-damage|p1a: Charizard|71/100|[from] Sandstorm\n|-damage|p2a: Mimikyu|89/100|[from] Sandstorm\n|upkeep\n|turn|5\n|\n|t:|1776752490\n|detailschange|p1a: Charizard|Charizard-Mega-X, L50, F\n|-mega|p1a: Charizard|Charizard|Charizardite X\n|move|p1a: Charizard|Flare Blitz|p2a: Mimikyu\n|-activate|p2a: Mimikyu|ability: Disguise\n|-damage|p2a: Mimikyu|89/100\n|-status|p2a: Mimikyu|brn\n|-enditem|p2a: Mimikyu|Lum Berry|[eat]\n|-curestatus|p2a: Mimikyu|brn|[msg]\n|detailschange|p2a: Mimikyu|Mimikyu-Busted, L50, M\n|-damage|p2a: Mimikyu|77/100|[from] pokemon: Mimikyu-Busted\n|move|p2a: Mimikyu|Play Rough|p1a: Charizard\n|-damage|p1a: Charizard|31/100\n|\n|-weather|none\n|-end|p2a: Mimikyu|move: Taunt\n|upkeep\n|turn|6\n|\n|t:|1776752506\n|move|p2a: Mimikyu|Shadow Sneak|p1a: Charizard\n|-damage|p1a: Charizard|13/100\n|move|p1a: Charizard|Flare Blitz|p2a: Mimikyu\n|-damage|p2a: Mimikyu|0 fnt\n|faint|p2a: Mimikyu\n|-damage|p1a: Charizard|0 fnt|[from] Recoil\n|faint|p1a: Charizard\n|\n|upkeep\n|inactive|ninano200 has 30 seconds left.\n|\n|t:|1776752537\n|switch|p1a: Garchomp|Garchomp, L50, F|100/100\n|switch|p2a: Charizard|Charizard, L50, M|100/100\n|turn|7\n|\n|t:|1776752556\n|detailschange|p2a: Charizard|Charizard-Mega-X, L50, M\n|-mega|p2a: Charizard|Charizard|Charizardite X\n|move|p1a: Garchomp|Rock Slide|p2a: Charizard\n|-supereffective|p2a: Charizard|1\n|-damage|p2a: Charizard|42/100\n|move|p2a: Charizard|Dragon Dance|p2a: Charizard\n|-boost|p2a: Charizard|atk|1\n|-boost|p2a: Charizard|spe|1\n|\n|upkeep\n|turn|8\n|\n|t:|1776752565\n|move|p1a: Garchomp|Rock Slide|p2a: Charizard\n|-supereffective|p2a: Charizard|1\n|-damage|p2a: Charizard|0 fnt\n|faint|p2a: Charizard\n|\n|win|nskakpaaaja\n|raw|nskakpaaaja's rating: 1416 &rarr; <strong>1431</strong><br />(+15 for winning)\n|raw|ninano200's rating: 1324 &rarr; <strong>1309</strong><br />(-15 for losing)\n|l|\u2606nskakpaaaja\n|player|p1|\n|l|\u2606ninano200\n|player|p2|\n", "uploadtime": 1776752629, "views": 1, "formatid": "gen9championsbssregma", "rating": 1309, "private": 0, "password": null}