{"id": "gen9championsbssregma-2594791296", "format": "[Gen 9 Champions] BSS Reg M-A", "players": ["26er", "joguri"], "log": "|j|\u260626er\n|j|\u2606joguri\n|t:|1777233391\n|gametype|singles\n|player|p1|26er|170|1344\n|player|p2|joguri|dawn|1376\n|gen|9\n|tier|[Gen 9 Champions] BSS Reg M-A\n|rated|\n|rule|Species Clause: Limit one of each Pok\u00e9mon\n|rule|Item Clause: Limit 1 of each item\n|clearpoke\n|poke|p1|Sneasler, L50, M|\n|poke|p1|Primarina, L50, F|\n|poke|p1|Archaludon, L50, F|\n|poke|p1|Gyarados, L50, M|\n|poke|p1|Hydreigon, L50, M|\n|poke|p1|Espathra, L50, M|\n|poke|p2|Lopunny, L50, M|\n|poke|p2|Corviknight, L50, M|\n|poke|p2|Venusaur, L50, F|\n|poke|p2|Basculegion, L50, M|\n|poke|p2|Garchomp, L50, M|\n|poke|p2|Clefable, L50, F|\n|teampreview|3\n|inactive|Battle timer is ON: inactive players will automatically lose when time's up. (requested by 26er)\n|\n|t:|1777233440\n|teamsize|p1|3\n|teamsize|p2|3\n|start\n|switch|p1a: Archaludon|Archaludon, L50, F|100/100\n|switch|p2a: Lopunny|Lopunny, L50, M|100/100\n|turn|1\n|\n|t:|1777233455\n|move|p2a: Lopunny|Cosmic Power|p2a: Lopunny\n|-boost|p2a: Lopunny|def|1\n|-boost|p2a: Lopunny|spd|1\n|move|p1a: Archaludon|Stealth Rock|p2a: Lopunny\n|-sidestart|p2: joguri|move: Stealth Rock\n|\n|upkeep\n|turn|2\n|\n|t:|1777233466\n|move|p2a: Lopunny|Cotton Guard|p2a: Lopunny\n|-boost|p2a: Lopunny|def|3\n|move|p1a: Archaludon|Roar|p2a: Lopunny\n|drag|p2a: Clefable|Clefable, L50, F|100/100\n|-damage|p2a: Clefable|87/100|[from] Stealth Rock\n|\n|upkeep\n|turn|3\n|\n|t:|1777233479\n|detailschange|p2a: Clefable|Clefable-Mega, L50, F\n|-mega|p2a: Clefable|Clefable|Clefablite\n|move|p2a: Clefable|Calm Mind|p2a: Clefable\n|-boost|p2a: Clefable|spa|1\n|-boost|p2a: Clefable|spd|1\n|move|p1a: Archaludon|Roar|p2a: Clefable\n|move|p2a: Clefable|Roar|p1a: Archaludon|[from] ability: Magic Bounce\n|drag|p1a: Sneasler|Sneasler, L50, M|100/100\n|\n|upkeep\n|turn|4\n|\n|t:|1777233491\n|move|p1a: Sneasler|Swords Dance|p1a: Sneasler\n|-boost|p1a: Sneasler|atk|2\n|move|p2a: Clefable|Stored Power|p1a: Sneasler\n|-supereffective|p1a: Sneasler|2\n|-damage|p1a: Sneasler|0 fnt\n|faint|p1a: Sneasler\n|\n|upkeep\n|\n|t:|1777233498\n|switch|p1a: Gyarados|Gyarados, L50, M|100/100\n|-ability|p1a: Gyarados|Intimidate|boost\n|-unboost|p2a: Clefable|atk|1\n|turn|5\n|\n|t:|1777233513\n|detailschange|p1a: Gyarados|Gyarados-Mega, L50, M\n|-mega|p1a: Gyarados|Gyarados|Gyaradosite\n|-ability|p1a: Gyarados|Mold Breaker\n|move|p1a: Gyarados|Dragon Dance|p1a: Gyarados\n|-boost|p1a: Gyarados|atk|1\n|-boost|p1a: Gyarados|spe|1\n|move|p2a: Clefable|Moonblast|p1a: Gyarados\n|-supereffective|p1a: Gyarados|1\n|-damage|p1a: Gyarados|0 fnt\n|faint|p1a: Gyarados\n|\n|upkeep\n|-message|26er forfeited.\n|\n|win|joguri\n|raw|26er's rating: 1344 &rarr; <strong>1326</strong><br />(-18 for losing)\n|raw|joguri's rating: 1376 &rarr; <strong>1394</strong><br />(+18 for winning)\n|l|\u260626er\n|player|p1|\n", "uploadtime": 1777233524, "views": 1, "formatid": "gen9championsbssregma", "rating": 1326, "private": 0, "password": null}