{"id": "gen9championsbssregma-2591917164", "format": "[Gen 9 Champions] BSS Reg M-A", "players": ["Keyan_Sans", "YetAnotherDodo"], "log": "|j|\u2606Keyan_Sans\n|j|\u2606YetAnotherDodo\n|t:|1776951057\n|gametype|singles\n|player|p1|Keyan_Sans|hugh|1261\n|player|p2|YetAnotherDodo|miku-flying|1287\n|gen|9\n|tier|[Gen 9 Champions] BSS Reg M-A\n|rated|\n|rule|Species Clause: Limit one of each Pok\u00e9mon\n|rule|Item Clause: Limit 1 of each item\n|clearpoke\n|poke|p1|Blastoise, L50, M|\n|poke|p1|Ninetales-Alola, L50, F|\n|poke|p1|Garchomp, L50, M|\n|poke|p1|Volcarona, L50, M|\n|poke|p1|Sneasler, L50, M|\n|poke|p1|Scizor, L50, M|\n|poke|p2|Charizard, L50, M|\n|poke|p2|Kangaskhan, L50, F|\n|poke|p2|Sneasler, L50, F|\n|poke|p2|Primarina, L50, F|\n|poke|p2|Garchomp, L50, F|\n|poke|p2|Kingambit, L50, M|\n|teampreview|3\n|inactive|Battle timer is ON: inactive players will automatically lose when time's up. (requested by Keyan_Sans)\n|inactive|Keyan_Sans has 60 seconds left.\n|\n|t:|1776951095\n|teamsize|p1|3\n|teamsize|p2|3\n|start\n|switch|p1a: Garchomp|Garchomp, L50, M|100/100\n|switch|p2a: Garchomp|Garchomp, L50, F|100/100\n|turn|1\n|\n|t:|1776951103\n|move|p1a: Garchomp|Dragon Claw|p2a: Garchomp\n|-supereffective|p2a: Garchomp|1\n|-crit|p2a: Garchomp\n|-enditem|p2a: Garchomp|Focus Sash\n|-damage|p2a: Garchomp|1/100\n|-damage|p1a: Garchomp|88/100|[from] ability: Rough Skin|[of] p2a: Garchomp\n|move|p2a: Garchomp|Rock Tomb|p1a: Garchomp\n|-resisted|p1a: Garchomp|1\n|-damage|p1a: Garchomp|78/100\n|-unboost|p1a: Garchomp|spe|1\n|\n|upkeep\n|turn|2\n|\n|t:|1776951106\n|move|p2a: Garchomp|Outrage|p1a: Garchomp\n|-supereffective|p1a: Garchomp|1\n|-damage|p1a: Garchomp|0 fnt\n|-damage|p2a: Garchomp|0 fnt|[from] ability: Rough Skin|[of] p1a: Garchomp\n|faint|p1a: Garchomp\n|faint|p2a: Garchomp\n|\n|upkeep\n|\n|t:|1776951119\n|switch|p2a: Primarina|Primarina, L50, F|100/100\n|switch|p1a: Blastoise|Blastoise, L50, M|100/100\n|turn|3\n|\n|t:|1776951127\n|switch|p1a: Sneasler|Sneasler, L50, M|100/100\n|move|p2a: Primarina|Encore||[still]\n|-fail|p2a: Primarina\n|\n|upkeep\n|turn|4\n|\n|t:|1776951142\n|move|p2a: Primarina|Aqua Jet|p1a: Sneasler\n|-damage|p1a: Sneasler|84/100\n|move|p1a: Sneasler|Dire Claw|p2a: Primarina\n|-supereffective|p2a: Primarina|1\n|-damage|p2a: Primarina|10/100\n|-enditem|p2a: Primarina|Sitrus Berry|[eat]\n|-heal|p2a: Primarina|34/100|[from] item: Sitrus Berry\n|\n|upkeep\n|turn|5\n|\n|t:|1776951147\n|move|p2a: Primarina|Aqua Jet|p1a: Sneasler\n|-damage|p1a: Sneasler|66/100\n|move|p1a: Sneasler|Dire Claw|p2a: Primarina\n|-supereffective|p2a: Primarina|1\n|-damage|p2a: Primarina|0 fnt\n|faint|p2a: Primarina\n|\n|upkeep\n|\n|t:|1776951151\n|switch|p2a: Charizard|Charizard, L50, M|100/100\n|turn|6\n|\n|t:|1776951163\n|detailschange|p2a: Charizard|Charizard-Mega-Y, L50, M\n|-mega|p2a: Charizard|Charizard|Charizardite Y\n|-weather|SunnyDay|[from] ability: Drought|[of] p2a: Charizard\n|move|p1a: Sneasler|Dire Claw|p2a: Charizard\n|-damage|p2a: Charizard|51/100\n|move|p2a: Charizard|Flamethrower|p1a: Sneasler\n|-damage|p1a: Sneasler|0 fnt\n|faint|p1a: Sneasler\n|\n|-weather|SunnyDay|[upkeep]\n|upkeep\n|\n|t:|1776951168\n|switch|p1a: Blastoise|Blastoise, L50, M|100/100\n|turn|7\n|\n|t:|1776951172\n|detailschange|p1a: Blastoise|Blastoise-Mega, L50, M\n|-mega|p1a: Blastoise|Blastoise|Blastoisinite\n|move|p1a: Blastoise|Water Pulse|p2a: Charizard\n|-supereffective|p2a: Charizard|1\n|-damage|p2a: Charizard|12/100\n|-start|p2a: Charizard|confusion\n|-activate|p2a: Charizard|confusion\n|-damage|p2a: Charizard|3/100|[from] confusion\n|\n|-weather|SunnyDay|[upkeep]\n|upkeep\n|turn|8\n|\n|t:|1776951180\n|move|p1a: Blastoise|Ice Beam|p2a: Charizard\n|-damage|p2a: Charizard|0 fnt\n|faint|p2a: Charizard\n|\n|win|Keyan_Sans\n|raw|Keyan_Sans's rating: 1261 &rarr; <strong>1288</strong><br />(+27 for winning)\n|raw|YetAnotherDodo's rating: 1287 &rarr; <strong>1260</strong><br />(-27 for losing)\n|c|\u2606YetAnotherDodo|gg\n", "uploadtime": 1776951182, "views": 8, "formatid": "gen9championsbssregma", "rating": 1260, "private": 0, "password": null}