{"id": "gen9championsbssregma-2590977862", "format": "[Gen 9 Champions] BSS Reg M-A", "players": ["rizax", "ruriripoke"], "log": "|j|\u2606rizax\n|j|\u2606ruriripoke\n|t:|1776866025\n|gametype|singles\n|player|p1|rizax|266|1151\n|player|p2|ruriripoke|265|1220\n|gen|9\n|tier|[Gen 9 Champions] BSS Reg M-A\n|rated|\n|rule|Species Clause: Limit one of each Pok\u00e9mon\n|rule|Item Clause: Limit 1 of each item\n|clearpoke\n|poke|p1|Garchomp, L50, M|\n|poke|p1|Tyranitar, L50, M, shiny|\n|poke|p1|Mimikyu, L50, F, shiny|\n|poke|p1|Rotom-Wash, L50|\n|poke|p1|Corviknight, L50, M, shiny|\n|poke|p1|Charizard, L50, F, shiny|\n|poke|p2|Scizor, L50, M|\n|poke|p2|Hippowdon, L50, F|\n|poke|p2|Basculegion, L50, M|\n|poke|p2|Meowscarada, L50, M|\n|poke|p2|Clefable, L50, F|\n|poke|p2|Rotom-Heat, L50|\n|teampreview|3\n|inactive|Battle timer is ON: inactive players will automatically lose when time's up. (requested by ruriripoke)\n|inactive|ruriripoke has 60 seconds left.\n|inactive|ruriripoke has 30 seconds left.\n|inactive|ruriripoke has 20 seconds left.\n|inactive|ruriripoke has 15 seconds left.\n|\n|t:|1776866103\n|teamsize|p1|3\n|teamsize|p2|3\n|start\n|switch|p1a: \u7279\u6b8a\u578b|Garchomp, L50, M|100/100\n|switch|p2a: Meowscarada|Meowscarada, L50, M|100/100\n|turn|1\n|\n|t:|1776866108\n|switch|p1a: \u30ea\u30b6\u30fc\u30c9\u30f3|Charizard, L50, F, shiny|100/100\n|move|p2a: Meowscarada|Triple Axel|p1a: \u30ea\u30b6\u30fc\u30c9\u30f3|[miss]\n|-start|p2a: Meowscarada|typechange|Ice|[from] ability: Protean\n|-miss|p2a: Meowscarada|p1a: \u30ea\u30b6\u30fc\u30c9\u30f3\n|\n|upkeep\n|turn|2\n|\n|t:|1776866119\n|detailschange|p1a: \u30ea\u30b6\u30fc\u30c9\u30f3|Charizard-Mega-Y, L50, F, shiny\n|-mega|p1a: \u30ea\u30b6\u30fc\u30c9\u30f3|Charizard|Charizardite Y\n|-weather|SunnyDay|[from] ability: Drought|[of] p1a: \u30ea\u30b6\u30fc\u30c9\u30f3\n|move|p2a: Meowscarada|Triple Axel|p1a: \u30ea\u30b6\u30fc\u30c9\u30f3\n|-damage|p1a: \u30ea\u30b6\u30fc\u30c9\u30f3|92/100\n|-hitcount|p1a: \u30ea\u30b6\u30fc\u30c9\u30f3|1\n|move|p1a: \u30ea\u30b6\u30fc\u30c9\u30f3|Flamethrower|p2a: Meowscarada\n|-supereffective|p2a: Meowscarada|1\n|-enditem|p2a: Meowscarada|Focus Sash\n|-damage|p2a: Meowscarada|1/100\n|\n|-weather|SunnyDay|[upkeep]\n|upkeep\n|turn|3\n|\n|t:|1776866131\n|switch|p2a: Hippowdon|Hippowdon, L50, F|100/100\n|-weather|Sandstorm|[from] ability: Sand Stream|[of] p2a: Hippowdon\n|move|p1a: \u30ea\u30b6\u30fc\u30c9\u30f3|Will-O-Wisp|p2a: Hippowdon\n|-status|p2a: Hippowdon|brn\n|\n|-weather|Sandstorm|[upkeep]\n|-damage|p1a: \u30ea\u30b6\u30fc\u30c9\u30f3|86/100|[from] Sandstorm\n|-damage|p2a: Hippowdon|94/100 brn|[from] brn\n|upkeep\n|turn|4\n|\n|t:|1776866141\n|switch|p1a: \u7279\u6b8a\u578b|Garchomp, L50, M|100/100\n|move|p2a: Hippowdon|Stealth Rock|p1a: \u7279\u6b8a\u578b\n|-sidestart|p1: rizax|move: Stealth Rock\n|\n|-weather|Sandstorm|[upkeep]\n|-damage|p2a: Hippowdon|88/100 brn|[from] brn\n|upkeep\n|turn|5\n|\n|t:|1776866147\n|move|p1a: \u7279\u6b8a\u578b|Substitute|p1a: \u7279\u6b8a\u578b\n|-start|p1a: \u7279\u6b8a\u578b|Substitute\n|-damage|p1a: \u7279\u6b8a\u578b|76/100\n|move|p2a: Hippowdon|Yawn||[still]\n|-fail|p2a: Hippowdon\n|\n|-weather|Sandstorm|[upkeep]\n|-damage|p2a: Hippowdon|82/100 brn|[from] brn\n|upkeep\n|turn|6\n|\n|t:|1776866154\n|move|p1a: \u7279\u6b8a\u578b|Swords Dance|p1a: \u7279\u6b8a\u578b\n|-boost|p1a: \u7279\u6b8a\u578b|atk|2\n|move|p2a: Hippowdon|Earthquake|p1a: \u7279\u6b8a\u578b|[miss]\n|-miss|p2a: Hippowdon|p1a: \u7279\u6b8a\u578b\n|\n|-weather|Sandstorm|[upkeep]\n|-damage|p2a: Hippowdon|76/100 brn|[from] brn\n|upkeep\n|turn|7\n|\n|t:|1776866161\n|move|p1a: \u7279\u6b8a\u578b|Earthquake|p2a: Hippowdon\n|-damage|p2a: Hippowdon|21/100 brn\n|-enditem|p2a: Hippowdon|Sitrus Berry|[eat]\n|-heal|p2a: Hippowdon|46/100 brn|[from] item: Sitrus Berry\n|move|p2a: Hippowdon|Earthquake|p1a: \u7279\u6b8a\u578b\n|-activate|p1a: \u7279\u6b8a\u578b|move: Substitute|[damage]\n|\n|-weather|none\n|-damage|p2a: Hippowdon|40/100 brn|[from] brn\n|upkeep\n|turn|8\n|\n|t:|1776866170\n|move|p1a: \u7279\u6b8a\u578b|Scale Shot|p2a: Hippowdon\n|-damage|p2a: Hippowdon|23/100 brn\n|-damage|p2a: Hippowdon|7/100 brn\n|-damage|p2a: Hippowdon|0 fnt\n|faint|p2a: Hippowdon\n|-hitcount|p2: Hippowdon|3\n|-unboost|p1a: \u7279\u6b8a\u578b|def|1\n|-boost|p1a: \u7279\u6b8a\u578b|spe|1\n|\n|upkeep\n|\n|t:|1776866175\n|switch|p2a: Meowscarada|Meowscarada, L50, M|1/100\n|turn|9\n|\n|t:|1776866181\n|move|p2a: Meowscarada|Sucker Punch|p1a: \u7279\u6b8a\u578b\n|-start|p2a: Meowscarada|typechange|Dark|[from] ability: Protean\n|-end|p1a: \u7279\u6b8a\u578b|Substitute\n|move|p1a: \u7279\u6b8a\u578b|Earthquake|p2a: Meowscarada\n|-damage|p2a: Meowscarada|0 fnt\n|faint|p2a: Meowscarada\n|\n|upkeep\n|\n|t:|1776866185\n|switch|p2a: Scizor|Scizor, L50, M|100/100\n|turn|10\n|\n|t:|1776866194\n|detailschange|p2a: Scizor|Scizor-Mega, L50, M\n|-mega|p2a: Scizor|Scizor|Scizorite\n|move|p1a: \u7279\u6b8a\u578b|Earthquake|p2a: Scizor\n|-damage|p2a: Scizor|7/100\n|move|p2a: Scizor|Swords Dance|p2a: Scizor\n|-boost|p2a: Scizor|atk|2\n|\n|upkeep\n|turn|11\n|\n|t:|1776866201\n|move|p2a: Scizor|Bullet Punch|p1a: \u7279\u6b8a\u578b\n|-damage|p1a: \u7279\u6b8a\u578b|0 fnt\n|faint|p1a: \u7279\u6b8a\u578b\n|\n|upkeep\n|\n|t:|1776866205\n|switch|p1a: \u306a\u3093\u3084\u304b\u3093\u3084\u3067\u304d\u308b|Mimikyu, L50, F, shiny|100/100\n|-damage|p1a: \u306a\u3093\u3084\u304b\u3093\u3084\u3067\u304d\u308b|88/100|[from] Stealth Rock\n|turn|12\n|\n|t:|1776866208\n|move|p2a: Scizor|Bullet Punch|p1a: \u306a\u3093\u3084\u304b\u3093\u3084\u3067\u304d\u308b\n|-activate|p1a: \u306a\u3093\u3084\u304b\u3093\u3084\u3067\u304d\u308b|ability: Disguise\n|-damage|p1a: \u306a\u3093\u3084\u304b\u3093\u3084\u3067\u304d\u308b|88/100\n|detailschange|p1a: \u306a\u3093\u3084\u304b\u3093\u3084\u3067\u304d\u308b|Mimikyu-Busted, L50, F, shiny\n|-damage|p1a: \u306a\u3093\u3084\u304b\u3093\u3084\u3067\u304d\u308b|76/100|[from] pokemon: Mimikyu-Busted\n|move|p1a: \u306a\u3093\u3084\u304b\u3093\u3084\u3067\u304d\u308b|Shadow Claw|p2a: Scizor\n|-damage|p2a: Scizor|0 fnt\n|faint|p2a: Scizor\n|\n|win|rizax\n|raw|rizax's rating: 1151 &rarr; <strong>1181</strong><br />(+30 for winning)\n|raw|ruriripoke's rating: 1220 &rarr; <strong>1190</strong><br />(-30 for losing)\n|l|\u2606ruriripoke\n|player|p2|\n", "uploadtime": 1776866220, "views": 2, "formatid": "gen9championsbssregma", "rating": 1181, "private": 0, "password": null}