{"id": "gen9championsbssregma-2593504717", "format": "[Gen 9 Champions] BSS Reg M-A", "players": ["Eclairu", "Altbou"], "log": "|j|\u2606Eclairu\n|j|\u2606Altbou\n|t:|1777089746\n|gametype|singles\n|player|p1|Eclairu|elesa|1300\n|player|p2|Altbou|265|1391\n|gen|9\n|tier|[Gen 9 Champions] BSS Reg M-A\n|rated|\n|rule|Species Clause: Limit one of each Pok\u00e9mon\n|rule|Item Clause: Limit 1 of each item\n|clearpoke\n|poke|p1|Scizor, L50, M|\n|poke|p1|Garchomp, L50, M, shiny|\n|poke|p1|Umbreon, L50, M, shiny|\n|poke|p1|Gengar, L50, M, shiny|\n|poke|p1|Archaludon, L50, M, shiny|\n|poke|p1|Primarina, L50, F|\n|poke|p2|Palafin, L50, F|\n|poke|p2|Venusaur, L50, F|\n|poke|p2|Sableye, L50, F|\n|poke|p2|Slowking-Galar, L50, F|\n|poke|p2|Garchomp, L50, F|\n|poke|p2|Hippowdon, L50, F|\n|teampreview|3\n|\n|t:|1777089789\n|teamsize|p1|3\n|teamsize|p2|3\n|start\n|switch|p1a: Primarina|Primarina, L50, F|100/100\n|switch|p2a: Hippowdon|Hippowdon, L50, F|100/100\n|-weather|Sandstorm|[from] ability: Sand Stream|[of] p2a: Hippowdon\n|turn|1\n|inactive|Battle timer is ON: inactive players will automatically lose when time's up. (requested by Eclairu)\n|\n|t:|1777089797\n|switch|p2a: Venusaur|Venusaur, L50, F|100/100\n|move|p1a: Primarina|Sparkling Aria|p2a: Venusaur\n|-resisted|p2a: Venusaur|1\n|-damage|p2a: Venusaur|81/100\n|\n|-weather|Sandstorm|[upkeep]\n|-damage|p1a: Primarina|95/100|[from] Sandstorm\n|-damage|p2a: Venusaur|75/100|[from] Sandstorm\n|upkeep\n|turn|2\n|\n|t:|1777089805\n|detailschange|p2a: Venusaur|Venusaur-Mega, L50, F\n|-mega|p2a: Venusaur|Venusaur|Venusaurite\n|move|p1a: Primarina|Flip Turn|p2a: Venusaur\n|-resisted|p2a: Venusaur|1\n|-damage|p2a: Venusaur|71/100\n|\n|t:|1777089809\n|switch|p1a: Umbreon|Umbreon, L50, M, shiny|100/100|[from] Flip Turn\n|move|p2a: Venusaur|Leech Seed|p1a: Umbreon\n|-start|p1a: Umbreon|move: Leech Seed\n|\n|-weather|Sandstorm|[upkeep]\n|-damage|p2a: Venusaur|65/100|[from] Sandstorm\n|-damage|p1a: Umbreon|95/100|[from] Sandstorm\n|-heal|p1a: Umbreon|100/100|[from] item: Leftovers\n|-damage|p1a: Umbreon|88/100|[from] Leech Seed|[of] p2a: Venusaur\n|-heal|p2a: Venusaur|78/100|[silent]\n|upkeep\n|turn|3\n|\n|t:|1777089823\n|switch|p1a: Gengar|Gengar, L50, M, shiny|100/100\n|move|p2a: Venusaur|Sleep Powder|p1a: Gengar\n|-status|p1a: Gengar|slp|[from] move: Sleep Powder\n|\n|-weather|Sandstorm|[upkeep]\n|-damage|p1a: Gengar|95/100 slp|[from] Sandstorm\n|-damage|p2a: Venusaur|72/100|[from] Sandstorm\n|upkeep\n|turn|4\n|\n|t:|1777089833\n|switch|p1a: Umbreon|Umbreon, L50, M, shiny|88/100\n|switch|p2a: Hippowdon|Hippowdon, L50, F|100/100\n|\n|-weather|Sandstorm|[upkeep]\n|-damage|p1a: Umbreon|82/100|[from] Sandstorm\n|-heal|p1a: Umbreon|88/100|[from] item: Leftovers\n|upkeep\n|turn|5\n|\n|t:|1777089841\n|move|p1a: Umbreon|Yawn|p2a: Hippowdon\n|-start|p2a: Hippowdon|move: Yawn|[of] p1a: Umbreon\n|move|p2a: Hippowdon|Stealth Rock|p1a: Umbreon\n|-sidestart|p1: Eclairu|move: Stealth Rock\n|\n|-weather|none\n|-heal|p1a: Umbreon|94/100|[from] item: Leftovers\n|upkeep\n|turn|6\n|\n|t:|1777089851\n|switch|p2a: Sableye|Sableye, L50, F|100/100\n|move|p1a: Umbreon|Yawn|p2a: Sableye\n|-start|p2a: Sableye|move: Yawn|[of] p1a: Umbreon\n|\n|-heal|p1a: Umbreon|99/100|[from] item: Leftovers\n|upkeep\n|turn|7\n|\n|t:|1777089863\n|switch|p2a: Hippowdon|Hippowdon, L50, F|100/100\n|-weather|Sandstorm|[from] ability: Sand Stream|[of] p2a: Hippowdon\n|move|p1a: Umbreon|Foul Play|p2a: Hippowdon\n|-damage|p2a: Hippowdon|78/100\n|\n|-weather|Sandstorm|[upkeep]\n|-damage|p1a: Umbreon|94/100|[from] Sandstorm\n|-heal|p1a: Umbreon|99/100|[from] item: Leftovers\n|upkeep\n|turn|8\n|\n|t:|1777089871\n|move|p1a: Umbreon|Yawn|p2a: Hippowdon\n|-start|p2a: Hippowdon|move: Yawn|[of] p1a: Umbreon\n|move|p2a: Hippowdon|Yawn|p1a: Umbreon\n|-start|p1a: Umbreon|move: Yawn|[of] p2a: Hippowdon\n|\n|-weather|Sandstorm|[upkeep]\n|-damage|p1a: Umbreon|94/100|[from] Sandstorm\n|-heal|p1a: Umbreon|99/100|[from] item: Leftovers\n|upkeep\n|turn|9\n|\n|t:|1777089877\n|switch|p1a: Primarina|Primarina, L50, F|95/100\n|-damage|p1a: Primarina|83/100|[from] Stealth Rock\n|switch|p2a: Sableye|Sableye, L50, F|100/100\n|\n|-weather|Sandstorm|[upkeep]\n|-damage|p1a: Primarina|77/100|[from] Sandstorm\n|-damage|p2a: Sableye|95/100|[from] Sandstorm\n|upkeep\n|turn|10\n|inactive|Eclairu has 30 seconds left.\n|inactive|Eclairu has 20 seconds left.\n|inactive|Eclairu has 15 seconds left.\n|inactive|Eclairu has 10 seconds left.\n|inactive|Eclairu has 5 seconds left.\n|inactive|Altbou has 30 seconds left.\n|\n|t:|1777089929\n|switch|p2a: Venusaur|Venusaur-Mega, L50, F|72/100\n|move|p1a: Primarina|Moonblast|p2a: Venusaur\n|-resisted|p2a: Venusaur|1\n|-damage|p2a: Venusaur|54/100\n|\n|-weather|Sandstorm|[upkeep]\n|-damage|p1a: Primarina|71/100|[from] Sandstorm\n|-damage|p2a: Venusaur|48/100|[from] Sandstorm\n|upkeep\n|turn|11\n|\n|t:|1777089936\n|move|p1a: Primarina|Moonblast|p2a: Venusaur\n|-resisted|p2a: Venusaur|1\n|-damage|p2a: Venusaur|29/100\n|move|p2a: Venusaur|Giga Drain|p1a: Primarina\n|-supereffective|p1a: Primarina|1\n|-damage|p1a: Primarina|13/100\n|-heal|p2a: Venusaur|54/100|[from] drain|[of] p1a: Primarina\n|\n|-weather|none\n|upkeep\n|turn|12\n|\n|t:|1777089944\n|switch|p2a: Hippowdon|Hippowdon, L50, F|78/100\n|-weather|Sandstorm|[from] ability: Sand Stream|[of] p2a: Hippowdon\n|move|p1a: Primarina|Encore||[still]\n|-fail|p1a: Primarina\n|\n|-weather|Sandstorm|[upkeep]\n|-damage|p1a: Primarina|7/100|[from] Sandstorm\n|upkeep\n|turn|13\n|\n|t:|1777089958\n|move|p1a: Primarina|Sparkling Aria|p2a: Hippowdon\n|-supereffective|p2a: Hippowdon|1\n|-damage|p2a: Hippowdon|0 fnt\n|faint|p2a: Hippowdon\n|\n|-weather|Sandstorm|[upkeep]\n|-damage|p1a: Primarina|1/100|[from] Sandstorm\n|upkeep\n|\n|t:|1777089962\n|switch|p2a: Sableye|Sableye, L50, F|95/100\n|turn|14\n|\n|t:|1777089975\n|move|p2a: Sableye|Encore|p1a: Primarina\n|-start|p1a: Primarina|Encore\n|move|p1a: Primarina|Sparkling Aria|p2a: Sableye\n|-damage|p2a: Sableye|0 fnt\n|faint|p2a: Sableye\n|\n|-weather|Sandstorm|[upkeep]\n|-damage|p1a: Primarina|0 fnt|[from] Sandstorm\n|faint|p1a: Primarina\n|upkeep\n|\n|t:|1777089987\n|switch|p1a: Gengar|Gengar, L50, M, shiny|95/100 slp\n|switch|p2a: Venusaur|Venusaur-Mega, L50, F|54/100\n|-damage|p1a: Gengar|82/100 slp|[from] Stealth Rock\n|turn|15\n|\n|t:|1777089994\n|detailschange|p1a: Gengar|Gengar-Mega, L50, M, shiny\n|-mega|p1a: Gengar|Gengar|Gengarite\n|cant|p1a: Gengar|slp\n|move|p2a: Venusaur|Leech Seed|p1a: Gengar\n|-start|p1a: Gengar|move: Leech Seed\n|\n|-weather|Sandstorm|[upkeep]\n|-damage|p1a: Gengar|76/100 slp|[from] Sandstorm\n|-damage|p2a: Venusaur|48/100|[from] Sandstorm\n|-damage|p1a: Gengar|64/100 slp|[from] Leech Seed|[of] p2a: Venusaur\n|-heal|p2a: Venusaur|57/100|[silent]\n|upkeep\n|turn|16\n|\n|t:|1777090002\n|switch|p1a: Umbreon|Umbreon, L50, M, shiny|99/100\n|-damage|p1a: Umbreon|88/100|[from] Stealth Rock\n|move|p2a: Venusaur|Giga Drain|p1a: Umbreon\n|-damage|p1a: Umbreon|66/100\n|-heal|p2a: Venusaur|69/100|[from] drain|[of] p1a: Umbreon\n|\n|-weather|none\n|-heal|p1a: Umbreon|72/100|[from] item: Leftovers\n|upkeep\n|turn|17\n|\n|t:|1777090007\n|move|p2a: Venusaur|Sleep Powder|p1a: Umbreon\n|-status|p1a: Umbreon|slp|[from] move: Sleep Powder\n|cant|p1a: Umbreon|slp\n|\n|-heal|p1a: Umbreon|78/100 slp|[from] item: Leftovers\n|upkeep\n|turn|18\n|\n|t:|1777090016\n|-curestatus|p1a: Umbreon|slp|[msg]\n|move|p1a: Umbreon|Protect|p1a: Umbreon\n|-singleturn|p1a: Umbreon|Protect\n|move|p2a: Venusaur|Sludge Bomb|p1a: Umbreon\n|-activate|p1a: Umbreon|move: Protect\n|\n|-heal|p1a: Umbreon|84/100|[from] item: Leftovers\n|upkeep\n|turn|19\n|\n|t:|1777090027\n|move|p2a: Venusaur|Sleep Powder|p1a: Umbreon\n|-status|p1a: Umbreon|slp|[from] move: Sleep Powder\n|cant|p1a: Umbreon|slp\n|\n|-heal|p1a: Umbreon|90/100 slp|[from] item: Leftovers\n|upkeep\n|turn|20\n|\n|t:|1777090034\n|move|p2a: Venusaur|Sludge Bomb|p1a: Umbreon\n|-damage|p1a: Umbreon|64/100 slp\n|cant|p1a: Umbreon|slp\n|\n|-heal|p1a: Umbreon|70/100 slp|[from] item: Leftovers\n|upkeep\n|turn|21\n|\n|t:|1777090040\n|move|p2a: Venusaur|Sludge Bomb|p1a: Umbreon\n|-damage|p1a: Umbreon|46/100 slp\n|-curestatus|p1a: Umbreon|slp|[msg]\n|move|p1a: Umbreon|Yawn|p2a: Venusaur\n|-start|p2a: Venusaur|move: Yawn|[of] p1a: Umbreon\n|\n|-heal|p1a: Umbreon|52/100|[from] item: Leftovers\n|upkeep\n|turn|22\n|\n|t:|1777090044\n|move|p2a: Venusaur|Leech Seed|p1a: Umbreon|[miss]\n|-miss|p2a: Venusaur|p1a: Umbreon\n|move|p1a: Umbreon|Wish|p1a: Umbreon\n|\n|-heal|p1a: Umbreon|58/100|[from] item: Leftovers\n|-end|p2a: Venusaur|move: Yawn|[silent]\n|-status|p2a: Venusaur|slp\n|upkeep\n|turn|23\n|\n|t:|1777090047\n|switch|p1a: Gengar|Gengar-Mega, L50, M, shiny|64/100 slp\n|-damage|p1a: Gengar|52/100 slp|[from] Stealth Rock\n|cant|p2a: Venusaur|slp\n|\n|-heal|p1a: Gengar|100/100 slp|[from] move: Wish|[wisher] Umbreon\n|upkeep\n|turn|24\n|\n|t:|1777090057\n|cant|p1a: Gengar|slp\n|cant|p2a: Venusaur|slp\n|\n|upkeep\n|turn|25\n|\n|t:|1777090061\n|-curestatus|p1a: Gengar|slp|[msg]\n|move|p1a: Gengar|Substitute|p1a: Gengar\n|-start|p1a: Gengar|Substitute\n|-damage|p1a: Gengar|76/100\n|-curestatus|p2a: Venusaur|slp|[msg]\n|move|p2a: Venusaur|Leech Seed||[still]\n|-fail|p2a: Venusaur\n|\n|upkeep\n|turn|26\n|\n|t:|1777090070\n|move|p1a: Gengar|Sludge Wave|p2a: Venusaur\n|-damage|p2a: Venusaur|27/100\n|move|p2a: Venusaur|Giga Drain|p1a: Gengar\n|-resisted|p1a: Gengar|1\n|-activate|p1a: Gengar|move: Substitute|[damage]\n|-heal|p2a: Venusaur|35/100|[from] drain|[of] p1a: Gengar\n|\n|upkeep\n|turn|27\n|\n|t:|1777090074\n|move|p1a: Gengar|Sludge Wave|p2a: Venusaur\n|-damage|p2a: Venusaur|0 fnt\n|faint|p2a: Venusaur\n|\n|win|Eclairu\n|raw|Eclairu's rating: 1300 &rarr; <strong>1331</strong><br />(+31 for winning)\n|raw|Altbou's rating: 1391 &rarr; <strong>1366</strong><br />(-25 for losing)\n|l|\u2606Altbou\n|player|p2|\n|l|\u2606Eclairu\n|player|p1|\n", "uploadtime": 1777090080, "views": 7, "formatid": "gen9championsbssregma", "rating": 1331, "private": 0, "password": null}