{"id": "gen9championsbssregma-2590906600", "format": "[Gen 9 Champions] BSS Reg M-A", "players": ["BBBkty", "Loutre du Dzrt"], "log": "|j|\u2606BBBkty\n|j|\u203dLoutre du Dzrt\n|t:|1776860354\n|gametype|singles\n|player|p1|BBBkty|266|1184\n|player|p2|Loutre du Dzrt|artist|1293\n|gen|9\n|tier|[Gen 9 Champions] BSS Reg M-A\n|rated|\n|rule|Species Clause: Limit one of each Pok\u00e9mon\n|rule|Item Clause: Limit 1 of each item\n|clearpoke\n|poke|p1|Clefable, L50, M, shiny|\n|poke|p1|Charizard, L50, F, shiny|\n|poke|p1|Scizor, L50, M|\n|poke|p1|Espathra, L50, F, shiny|\n|poke|p1|Glimmora, L50, F, shiny|\n|poke|p1|Florges, L50, F|\n|poke|p2|Garchomp, L50, M|\n|poke|p2|Aegislash, L50, M|\n|poke|p2|Meganium, L50, F|\n|poke|p2|Dragonite, L50, M, shiny|\n|poke|p2|Lopunny, L50, F, shiny|\n|poke|p2|Kleavor, L50, M|\n|teampreview|3\n|inactive|Battle timer is ON: inactive players will automatically lose when time's up. (requested by Loutre du Dzrt)\n|inactive|BBBkty also wants the timer to be on.\n|\n|t:|1776860374\n|teamsize|p1|3\n|teamsize|p2|3\n|start\n|switch|p1a: Glimmora|Glimmora, L50, F, shiny|100/100\n|switch|p2a: Kleavor|Kleavor, L50, M|100/100\n|turn|1\n|\n|t:|1776860391\n|move|p1a: Glimmora|Power Gem|p2a: Kleavor\n|-supereffective|p2a: Kleavor|1\n|-enditem|p2a: Kleavor|Focus Sash\n|-damage|p2a: Kleavor|1/100\n|move|p2a: Kleavor|Stone Axe|p1a: Glimmora\n|-crit|p1a: Glimmora\n|-enditem|p1a: Glimmora|Focus Sash\n|-damage|p1a: Glimmora|1/100\n|-activate|p1a: Glimmora|ability: Toxic Debris\n|-sidestart|p2: Loutre du Dzrt|move: Toxic Spikes\n|-sidestart|p1: BBBkty|move: Stealth Rock\n|\n|upkeep\n|turn|2\n|\n|t:|1776860396\n|move|p2a: Kleavor|Quick Attack|p1a: Glimmora\n|-resisted|p1a: Glimmora|1\n|-damage|p1a: Glimmora|0 fnt\n|-activate|p1a: Glimmora|ability: Toxic Debris\n|-sidestart|p2: Loutre du Dzrt|move: Toxic Spikes\n|faint|p1a: Glimmora\n|\n|upkeep\n|\n|t:|1776860401\n|switch|p1a: Espathra|Espathra, L50, F, shiny|100/100\n|-damage|p1a: Espathra|88/100|[from] Stealth Rock\n|turn|3\n|\n|t:|1776860409\n|move|p1a: Espathra|Protect|p1a: Espathra\n|-singleturn|p1a: Espathra|Protect\n|move|p2a: Kleavor|X-Scissor|p1a: Espathra\n|-activate|p1a: Espathra|move: Protect\n|\n|-ability|p1a: Espathra|Speed Boost|boost\n|-boost|p1a: Espathra|spe|1\n|upkeep\n|turn|4\n|\n|t:|1776860416\n|move|p2a: Kleavor|Quick Attack|p1a: Espathra\n|-damage|p1a: Espathra|73/100\n|move|p1a: Espathra|Lumina Crash|p2a: Kleavor\n|-damage|p2a: Kleavor|0 fnt\n|faint|p2a: Kleavor\n|\n|-ability|p1a: Espathra|Speed Boost|boost\n|-boost|p1a: Espathra|spe|1\n|upkeep\n|\n|t:|1776860420\n|switch|p2a: Dragonite|Dragonite, L50, M, shiny|100/100\n|turn|5\n|\n|t:|1776860427\n|move|p1a: Espathra|Lumina Crash|p2a: Dragonite\n|-damage|p2a: Dragonite|87/100\n|-unboost|p2a: Dragonite|spd|2\n|move|p2a: Dragonite|Outrage|p1a: Espathra\n|-damage|p1a: Espathra|19/100\n|-enditem|p1a: Espathra|Sitrus Berry|[eat]\n|-heal|p1a: Espathra|44/100|[from] item: Sitrus Berry\n|\n|-ability|p1a: Espathra|Speed Boost|boost\n|-boost|p1a: Espathra|spe|1\n|upkeep\n|turn|6\n|\n|t:|1776860435\n|move|p1a: Espathra|Protect|p1a: Espathra\n|-singleturn|p1a: Espathra|Protect\n|move|p2a: Dragonite|Outrage|p1a: Espathra|[from] lockedmove\n|-activate|p1a: Espathra|move: Protect\n|-start|p2a: Dragonite|confusion|[fatigue]\n|\n|-ability|p1a: Espathra|Speed Boost|boost\n|-boost|p1a: Espathra|spe|1\n|upkeep\n|turn|7\n|\n|t:|1776860445\n|move|p1a: Espathra|Baton Pass|p1a: Espathra\n|\n|t:|1776860446\n|switch|p1a: Clefable|Clefable, L50, M, shiny|100/100|[from] Baton Pass\n|-damage|p1a: Clefable|88/100|[from] Stealth Rock\n|-activate|p2a: Dragonite|confusion\n|move|p2a: Dragonite|Outrage|p1a: Clefable\n|-immune|p1a: Clefable\n|\n|upkeep\n|turn|8\n|\n|t:|1776860453\n|detailschange|p1a: Clefable|Clefable-Mega, L50, M, shiny\n|-mega|p1a: Clefable|Clefable|Clefablite\n|move|p1a: Clefable|Cosmic Power|p1a: Clefable\n|-boost|p1a: Clefable|def|1\n|-boost|p1a: Clefable|spd|1\n|-activate|p2a: Dragonite|confusion\n|move|p2a: Dragonite|Earthquake|p1a: Clefable\n|-immune|p1a: Clefable\n|\n|upkeep\n|turn|9\n|\n|t:|1776860459\n|switch|p2a: Meganium|Meganium, L50, F|100/100\n|-status|p2a: Meganium|tox\n|move|p1a: Clefable|Moonblast|p2a: Meganium\n|-damage|p2a: Meganium|55/100 tox\n|\n|-damage|p2a: Meganium|49/100 tox|[from] psn\n|upkeep\n|turn|10\n|\n|t:|1776860464\n|detailschange|p2a: Meganium|Meganium-Mega, L50, F\n|-mega|p2a: Meganium|Meganium|Meganiumite\n|move|p1a: Clefable|Moonblast|p2a: Meganium\n|-crit|p2a: Meganium\n|-damage|p2a: Meganium|0 fnt\n|faint|p2a: Meganium\n|\n|upkeep\n|l|\u203dLoutre du Dzrt\n|inactive|Loutre du Dzrt disconnected and has a minute to reconnect!\n|player|p2|\n|inactive|Loutre du Dzrt has 30 seconds left.\n|inactive|Loutre du Dzrt has 20 seconds left.\n|inactive|Loutre du Dzrt has 15 seconds left.\n|inactive|Loutre du Dzrt has 10 seconds left.\n|inactive|Loutre du Dzrt has 5 seconds left.\n|-message|Loutre du Dzrt lost due to inactivity.\n|\n|win|BBBkty\n|raw|BBBkty's rating: 1184 &rarr; <strong>1217</strong><br />(+33 for winning)\n|raw|Loutre du Dzrt's rating: 1293 &rarr; <strong>1260</strong><br />(-33 for losing)\n", "uploadtime": 1776860525, "views": 1, "formatid": "gen9championsbssregma", "rating": 1217, "private": 0, "password": null}