{"id": "gen9championsbssregma-2593899850", "format": "[Gen 9 Champions] BSS Reg M-A", "players": ["Robeadminchiam", "zhiyongyici"], "log": "|j|\u2606Robeadminchiam\n|j|\u2606zhiyongyici\n|t:|1777137572\n|gametype|singles\n|player|p1|Robeadminchiam|lucas|1365\n|player|p2|zhiyongyici|clerk|1306\n|gen|9\n|tier|[Gen 9 Champions] BSS Reg M-A\n|rated|\n|rule|Species Clause: Limit one of each Pok\u00e9mon\n|rule|Item Clause: Limit 1 of each item\n|clearpoke\n|poke|p1|Orthworm, L50, F|\n|poke|p1|Polteageist, L50|\n|poke|p1|Floette-Eternal, L50, F|\n|poke|p1|Garchomp, L50, M|\n|poke|p1|Sneasler, L50, F|\n|poke|p1|Charizard, L50, M|\n|poke|p2|Pelipper, L50, M|\n|poke|p2|Basculegion, L50, M|\n|poke|p2|Archaludon, L50, M|\n|poke|p2|Meganium, L50, F|\n|poke|p2|Scizor, L50, M|\n|poke|p2|Glimmora, L50, M|\n|teampreview|3\n|\n|t:|1777137611\n|teamsize|p1|3\n|teamsize|p2|3\n|start\n|switch|p1a: Polteageist|Polteageist, L50|100/100\n|switch|p2a: Pelipper|Pelipper, L50, M|100/100\n|-weather|RainDance|[from] ability: Drizzle|[of] p2a: Pelipper\n|turn|1\n|inactive|Battle timer is ON: inactive players will automatically lose when time's up. (requested by zhiyongyici)\n|\n|t:|1777137650\n|move|p1a: Polteageist|Shell Smash|p1a: Polteageist\n|-unboost|p1a: Polteageist|def|1\n|-unboost|p1a: Polteageist|spd|1\n|-boost|p1a: Polteageist|atk|2\n|-boost|p1a: Polteageist|spa|2\n|-boost|p1a: Polteageist|spe|2\n|-enditem|p1a: Polteageist|White Herb\n|-clearnegativeboost|p1a: Polteageist|[silent]\n|move|p2a: Pelipper|Weather Ball|p1a: Polteageist\n|-damage|p1a: Polteageist|27/100\n|\n|-weather|RainDance|[upkeep]\n|upkeep\n|turn|2\n|\n|t:|1777137656\n|move|p1a: Polteageist|Baton Pass|p1a: Polteageist\n|\n|t:|1777137663\n|switch|p1a: Sneasler|Sneasler, L50, F|100/100|[from] Baton Pass\n|move|p2a: Pelipper|Weather Ball|p1a: Sneasler\n|-damage|p1a: Sneasler|17/100\n|\n|-weather|RainDance|[upkeep]\n|upkeep\n|turn|3\n|\n|t:|1777137675\n|move|p1a: Sneasler|Dire Claw|p2a: Pelipper\n|-damage|p2a: Pelipper|12/100\n|-status|p2a: Pelipper|par\n|move|p2a: Pelipper|Hurricane|p1a: Sneasler\n|-supereffective|p1a: Sneasler|1\n|-damage|p1a: Sneasler|0 fnt\n|faint|p1a: Sneasler\n|\n|-weather|RainDance|[upkeep]\n|upkeep\n|\n|t:|1777137692\n|switch|p1a: Polteageist|Polteageist, L50|27/100\n|turn|4\n|\n|t:|1777137699\n|switch|p2a: Scizor|Scizor, L50, M|100/100\n|move|p1a: Polteageist|Shadow Ball|p2a: Scizor\n|-damage|p2a: Scizor|53/100\n|\n|-weather|RainDance|[upkeep]\n|upkeep\n|turn|5\n|\n|t:|1777137715\n|detailschange|p2a: Scizor|Scizor-Mega, L50, M\n|-mega|p2a: Scizor|Scizor|Scizorite\n|move|p2a: Scizor|Bullet Punch|p1a: Polteageist\n|-damage|p1a: Polteageist|0 fnt\n|faint|p1a: Polteageist\n|\n|-weather|none\n|upkeep\n|\n|t:|1777137717\n|switch|p1a: Charizard|Charizard, L50, M|100/100\n|turn|6\n|\n|t:|1777137727\n|detailschange|p1a: Charizard|Charizard-Mega-X, L50, M\n|-mega|p1a: Charizard|Charizard|Charizardite X\n|move|p1a: Charizard|Dragon Dance|p1a: Charizard\n|-boost|p1a: Charizard|atk|1\n|-boost|p1a: Charizard|spe|1\n|move|p2a: Scizor|Knock Off|p1a: Charizard\n|-damage|p1a: Charizard|68/100\n|\n|upkeep\n|turn|7\n|inactive|Robeadminchiam has 30 seconds left.\n|inactive|Robeadminchiam has 20 seconds left.\n|\n|t:|1777137764\n|move|p1a: Charizard|Flare Blitz|p2a: Scizor\n|-supereffective|p2a: Scizor|2\n|-damage|p2a: Scizor|0 fnt\n|faint|p2a: Scizor\n|-damage|p1a: Charizard|48/100|[from] Recoil\n|\n|upkeep\n|\n|t:|1777137768\n|switch|p2a: Pelipper|Pelipper, L50, M|12/100 par\n|-weather|RainDance|[from] ability: Drizzle|[of] p2a: Pelipper\n|turn|8\n|\n|t:|1777137772\n|move|p1a: Charizard|Flare Blitz|p2a: Pelipper\n|-resisted|p2a: Pelipper|1\n|-damage|p2a: Pelipper|0 fnt\n|faint|p2a: Pelipper\n|-damage|p1a: Charizard|44/100|[from] Recoil\n|\n|-weather|RainDance|[upkeep]\n|upkeep\n|\n|t:|1777137775\n|switch|p2a: Basculegion|Basculegion, L50, M|100/100\n|turn|9\n|\n|t:|1777137781\n|move|p1a: Charizard|Outrage|p2a: Basculegion\n|-damage|p2a: Basculegion|0 fnt\n|faint|p2a: Basculegion\n|\n|win|Robeadminchiam\n|raw|Robeadminchiam's rating: 1350 &rarr; <strong>1367</strong><br />(+17 for winning)\n|raw|zhiyongyici's rating: 1306 &rarr; <strong>1289</strong><br />(-17 for losing)\n|l|\u2606zhiyongyici\n|player|p2|\n", "uploadtime": 1777137788, "views": 12, "formatid": "gen9championsbssregma", "rating": 1289, "private": 0, "password": null}