{"id": "gen9championsbssregma-2593626573", "format": "[Gen 9 Champions] BSS Reg M-A", "players": ["Ssulsarang", "PlatinumPassport"], "log": "|j|\u2606Ssulsarang\n|j|\u2606PlatinumPassport\n|t:|1777107072\n|gametype|singles\n|player|p1|Ssulsarang|102|1387\n|player|p2|PlatinumPassport|266|1578\n|gen|9\n|tier|[Gen 9 Champions] BSS Reg M-A\n|rated|\n|rule|Species Clause: Limit one of each Pok\u00e9mon\n|rule|Item Clause: Limit 1 of each item\n|clearpoke\n|poke|p1|Glimmora, L50, F|\n|poke|p1|Garchomp, L50, M|\n|poke|p1|Clefable, L50, F|\n|poke|p1|Aegislash, L50, M|\n|poke|p1|Lopunny, L50, M|\n|poke|p1|Rotom-Wash, L50|\n|poke|p2|Hippowdon, L50, M, shiny|\n|poke|p2|Dragonite, L50, M, shiny|\n|poke|p2|Aegislash, L50, M, shiny|\n|poke|p2|Volcarona, L50, F, shiny|\n|poke|p2|Greninja, L50, F, shiny|\n|poke|p2|Mimikyu, L50, M, shiny|\n|teampreview|3\n|j| Limp nugget\n|\n|t:|1777107128\n|teamsize|p1|3\n|teamsize|p2|3\n|start\n|switch|p1a: Clefable|Clefable, L50, F|100/100\n|switch|p2a: Dragonite|Dragonite, L50, M, shiny|100/100\n|turn|1\n|l|\u2606PlatinumPassport\n|player|p2|\n|j|\u2606PlatinumPassport\n|player|p2|PlatinumPassport|266|\n|\n|t:|1777107151\n|switch|p2a: Hippowdon|Hippowdon, L50, M, shiny|100/100\n|-weather|Sandstorm|[from] ability: Sand Stream|[of] p2a: Hippowdon\n|move|p1a: Clefable|Cosmic Power|p1a: Clefable\n|-boost|p1a: Clefable|def|1\n|-boost|p1a: Clefable|spd|1\n|\n|-weather|Sandstorm|[upkeep]\n|-damage|p1a: Clefable|95/100|[from] Sandstorm\n|upkeep\n|turn|2\n|\n|t:|1777107162\n|switch|p2a: Volcarona|Volcarona, L50, F, shiny|100/100\n|detailschange|p1a: Clefable|Clefable-Mega, L50, F\n|-mega|p1a: Clefable|Clefable|Clefablite\n|move|p1a: Clefable|Moonblast|p2a: Volcarona\n|-resisted|p2a: Volcarona|1\n|-damage|p2a: Volcarona|80/100\n|\n|-weather|Sandstorm|[upkeep]\n|-damage|p2a: Volcarona|74/100|[from] Sandstorm\n|-damage|p1a: Clefable|89/100|[from] Sandstorm\n|upkeep\n|turn|3\n|\n|t:|1777107168\n|switch|p1a: Garchomp|Garchomp, L50, M|100/100\n|move|p2a: Volcarona|Quiver Dance|p2a: Volcarona\n|-boost|p2a: Volcarona|spa|1\n|-boost|p2a: Volcarona|spd|1\n|-boost|p2a: Volcarona|spe|1\n|\n|-weather|Sandstorm|[upkeep]\n|-damage|p2a: Volcarona|68/100|[from] Sandstorm\n|upkeep\n|turn|4\n|\n|t:|1777107174\n|move|p1a: Garchomp|Rock Tomb|p2a: Volcarona\n|-supereffective|p2a: Volcarona|2\n|-damage|p2a: Volcarona|0 fnt\n|faint|p2a: Volcarona\n|\n|-weather|Sandstorm|[upkeep]\n|upkeep\n|\n|t:|1777107176\n|switch|p2a: Hippowdon|Hippowdon, L50, M, shiny|100/100\n|turn|5\n|\n|t:|1777107178\n|switch|p1a: Clefable|Clefable-Mega, L50, F|89/100\n|move|p2a: Hippowdon|Curse|p2a: Hippowdon\n|-unboost|p2a: Hippowdon|spe|1\n|-boost|p2a: Hippowdon|atk|1\n|-boost|p2a: Hippowdon|def|1\n|\n|-weather|none\n|upkeep\n|turn|6\n|l| Limp nugget\n|\n|t:|1777107189\n|switch|p1a: Rotom|Rotom-Wash, L50|100/100\n|move|p2a: Hippowdon|Rock Tomb|p1a: Rotom\n|-damage|p1a: Rotom|78/100\n|-unboost|p1a: Rotom|spe|1\n|\n|-heal|p1a: Rotom|83/100|[from] item: Leftovers\n|upkeep\n|turn|7\n|\n|t:|1777107194\n|switch|p2a: Dragonite|Dragonite, L50, M, shiny|100/100\n|move|p1a: Rotom|Will-O-Wisp|p2a: Dragonite\n|-status|p2a: Dragonite|brn\n|\n|-heal|p1a: Rotom|89/100|[from] item: Leftovers\n|-damage|p2a: Dragonite|95/100 brn|[from] brn\n|upkeep\n|turn|8\n|\n|t:|1777107199\n|switch|p1a: Clefable|Clefable-Mega, L50, F|89/100\n|detailschange|p2a: Dragonite|Dragonite-Mega, L50, M, shiny\n|-mega|p2a: Dragonite|Dragonite|Dragoninite\n|move|p2a: Dragonite|Draco Meteor|p1a: Clefable\n|-immune|p1a: Clefable\n|\n|-damage|p2a: Dragonite|89/100 brn|[from] brn\n|upkeep\n|turn|9\n|\n|t:|1777107207\n|move|p2a: Dragonite|Air Slash|p1a: Clefable\n|-damage|p1a: Clefable|50/100\n|move|p1a: Clefable|Moonblast|p2a: Dragonite\n|-supereffective|p2a: Dragonite|1\n|-damage|p2a: Dragonite|14/100 brn\n|\n|-damage|p2a: Dragonite|8/100 brn|[from] brn\n|upkeep\n|turn|10\n|\n|t:|1777107213\n|move|p2a: Dragonite|Thunderbolt|p1a: Clefable\n|-supereffective|p1a: Clefable|1\n|-damage|p1a: Clefable|0 fnt\n|faint|p1a: Clefable\n|\n|-damage|p2a: Dragonite|2/100 brn|[from] brn\n|upkeep\n|\n|t:|1777107222\n|switch|p1a: Garchomp|Garchomp, L50, M|100/100\n|turn|11\n|\n|t:|1777107230\n|switch|p2a: Hippowdon|Hippowdon, L50, M, shiny|100/100\n|-weather|Sandstorm|[from] ability: Sand Stream|[of] p2a: Hippowdon\n|move|p1a: Garchomp|Poison Jab|p2a: Hippowdon\n|-resisted|p2a: Hippowdon|1\n|-damage|p2a: Hippowdon|92/100\n|-status|p2a: Hippowdon|psn\n|\n|-weather|Sandstorm|[upkeep]\n|-heal|p2a: Hippowdon|98/100 psn|[from] item: Leftovers\n|-damage|p2a: Hippowdon|86/100 psn|[from] psn\n|upkeep\n|turn|12\n|\n|t:|1777107236\n|switch|p1a: Rotom|Rotom-Wash, L50|89/100\n|move|p2a: Hippowdon|Earthquake|p1a: Rotom\n|-immune|p1a: Rotom|[from] ability: Levitate\n|\n|-weather|Sandstorm|[upkeep]\n|-damage|p1a: Rotom|83/100|[from] Sandstorm\n|-heal|p1a: Rotom|89/100|[from] item: Leftovers\n|-heal|p2a: Hippowdon|92/100 psn|[from] item: Leftovers\n|-damage|p2a: Hippowdon|80/100 psn|[from] psn\n|upkeep\n|turn|13\n|\n|t:|1777107244\n|move|p1a: Rotom|Hydro Pump|p2a: Hippowdon\n|-supereffective|p2a: Hippowdon|1\n|-damage|p2a: Hippowdon|0 fnt\n|faint|p2a: Hippowdon\n|\n|-weather|Sandstorm|[upkeep]\n|-damage|p1a: Rotom|83/100|[from] Sandstorm\n|-heal|p1a: Rotom|89/100|[from] item: Leftovers\n|upkeep\n|\n|t:|1777107245\n|switch|p2a: Dragonite|Dragonite-Mega, L50, M, shiny|2/100 brn\n|turn|14\n|\n|t:|1777107248\n|move|p2a: Dragonite|Roost|p2a: Dragonite\n|-heal|p2a: Dragonite|52/100 brn\n|-singleturn|p2a: Dragonite|move: Roost\n|move|p1a: Rotom|Volt Switch|p2a: Dragonite\n|-resisted|p2a: Dragonite|1\n|-damage|p2a: Dragonite|39/100 brn\n|\n|t:|1777107250\n|switch|p1a: Garchomp|Garchomp, L50, M|100/100|[from] Volt Switch\n|\n|-weather|Sandstorm|[upkeep]\n|-damage|p2a: Dragonite|33/100 brn|[from] Sandstorm\n|-damage|p2a: Dragonite|27/100 brn|[from] brn\n|upkeep\n|turn|15\n|-message|PlatinumPassport forfeited.\n|\n|win|Ssulsarang\n|raw|Ssulsarang's rating: 1387 &rarr; <strong>1417</strong><br />(+30 for winning)\n|raw|PlatinumPassport's rating: 1578 &rarr; <strong>1548</strong><br />(-30 for losing)\n|l|\u2606PlatinumPassport\n|player|p2|\n", "uploadtime": 1777107263, "views": 6, "formatid": "gen9championsbssregma", "rating": 1417, "private": 0, "password": null}