{"id": "gen9championsbssregma-2591524501", "format": "[Gen 9 Champions] BSS Reg M-A", "players": ["SpankDaddyRecords", "hijanu"], "log": "|j|\u2606SpankDaddyRecords\n|j|\u2606hijanu\n|t:|1776907841\n|gametype|singles\n|player|p1|SpankDaddyRecords|102|1221\n|player|p2|hijanu|ingo|1237\n|gen|9\n|tier|[Gen 9 Champions] BSS Reg M-A\n|rated|\n|rule|Species Clause: Limit one of each Pok\u00e9mon\n|rule|Item Clause: Limit 1 of each item\n|clearpoke\n|poke|p1|Delphox, L50, M|\n|poke|p1|Tyranitar, L50, F|\n|poke|p1|Clefable, L50, F|\n|poke|p1|Rotom-Wash, L50|\n|poke|p1|Corviknight, L50, M|\n|poke|p1|Dragapult, L50, M, shiny|\n|poke|p2|Ceruledge, L50, M, shiny|\n|poke|p2|Rotom-Wash, L50, shiny|\n|poke|p2|Torterra, L50, F, shiny|\n|poke|p2|Archaludon, L50, F|\n|poke|p2|Slowking-Galar, L50, M, shiny|\n|poke|p2|Hydreigon, L50, F|\n|teampreview|3\n|\n|t:|1776907859\n|teamsize|p1|3\n|teamsize|p2|3\n|start\n|switch|p1a: ur mom geh|Rotom-Wash, L50|100/100\n|switch|p2a: Hydreigon|Hydreigon, L50, F|100/100\n|turn|1\n|inactive|Battle timer is ON: inactive players will automatically lose when time's up. (requested by SpankDaddyRecords)\n|\n|t:|1776907872\n|move|p1a: ur mom geh|Trick|p2a: Hydreigon\n|-activate|p1a: ur mom geh|move: Trick|[of] p2a: Hydreigon\n|-item|p2a: Hydreigon|Choice Scarf|[from] move: Trick\n|-item|p1a: ur mom geh|Choice Scarf|[from] move: Trick\n|move|p2a: Hydreigon|Draco Meteor|p1a: ur mom geh\n|-damage|p1a: ur mom geh|26/100\n|-unboost|p2a: Hydreigon|spa|2\n|\n|upkeep\n|turn|2\n|\n|t:|1776907882\n|switch|p1a: MegTheeStallion|Clefable, L50, F|100/100\n|move|p2a: Hydreigon|Draco Meteor|p1a: MegTheeStallion\n|-immune|p1a: MegTheeStallion\n|\n|upkeep\n|turn|3\n|\n|t:|1776907894\n|switch|p2a: Slowking|Slowking-Galar, L50, M, shiny|100/100\n|move|p1a: MegTheeStallion|Calm Mind|p1a: MegTheeStallion\n|-boost|p1a: MegTheeStallion|spa|1\n|-boost|p1a: MegTheeStallion|spd|1\n|\n|upkeep\n|turn|4\n|\n|t:|1776907902\n|switch|p1a: ur mom geh|Rotom-Wash, L50|26/100\n|move|p2a: Slowking|Yawn|p1a: ur mom geh\n|-start|p1a: ur mom geh|move: Yawn|[of] p2a: Slowking\n|\n|upkeep\n|turn|5\n|\n|t:|1776907913\n|move|p1a: ur mom geh|Volt Switch|p2a: Slowking\n|-damage|p2a: Slowking|74/100\n|\n|t:|1776907915\n|switch|p1a: Brady|Delphox, L50, M|100/100|[from] Volt Switch\n|move|p2a: Slowking|Sludge Wave|p1a: Brady\n|-damage|p1a: Brady|42/100\n|\n|upkeep\n|turn|6\n|\n|t:|1776907931\n|switch|p2a: Hydreigon|Hydreigon, L50, F|100/100\n|move|p1a: Brady|Substitute|p1a: Brady\n|-start|p1a: Brady|Substitute\n|-damage|p1a: Brady|18/100\n|\n|upkeep\n|turn|7\n|\n|t:|1776907937\n|move|p2a: Hydreigon|Dark Pulse|p1a: Brady\n|-supereffective|p1a: Brady|1\n|-end|p1a: Brady|Substitute\n|move|p1a: Brady|Flamethrower|p2a: Hydreigon\n|-resisted|p2a: Hydreigon|1\n|-damage|p2a: Hydreigon|65/100\n|\n|upkeep\n|turn|8\n|\n|t:|1776907945\n|switch|p1a: MegTheeStallion|Clefable, L50, F|100/100\n|move|p2a: Hydreigon|Dark Pulse|p1a: MegTheeStallion\n|-resisted|p1a: MegTheeStallion|1\n|-damage|p1a: MegTheeStallion|80/100\n|\n|upkeep\n|turn|9\n|\n|t:|1776907954\n|switch|p2a: Ceruledge|Ceruledge, L50, M, shiny|100/100\n|switch|p1a: ur mom geh|Rotom-Wash, L50|26/100\n|\n|upkeep\n|turn|10\n|\n|t:|1776907972\n|move|p1a: ur mom geh|Trick|p2a: Ceruledge\n|-activate|p1a: ur mom geh|move: Trick|[of] p2a: Ceruledge\n|-item|p2a: Ceruledge|Choice Scarf|[from] move: Trick\n|-item|p1a: ur mom geh|Focus Sash|[from] move: Trick\n|move|p2a: Ceruledge|Poltergeist|p1a: ur mom geh\n|-activate|p1a: ur mom geh|move: Poltergeist|Focus Sash\n|-crit|p1a: ur mom geh\n|-damage|p1a: ur mom geh|0 fnt\n|faint|p1a: ur mom geh\n|\n|upkeep\n|\n|t:|1776907980\n|switch|p1a: MegTheeStallion|Clefable, L50, F|80/100\n|turn|11\n|\n|t:|1776907985\n|move|p2a: Ceruledge|Poltergeist|p1a: MegTheeStallion\n|-activate|p1a: MegTheeStallion|move: Poltergeist|Clefablite\n|-damage|p1a: MegTheeStallion|31/100\n|move|p1a: MegTheeStallion|Calm Mind|p1a: MegTheeStallion\n|-boost|p1a: MegTheeStallion|spa|1\n|-boost|p1a: MegTheeStallion|spd|1\n|\n|upkeep\n|turn|12\n|\n|t:|1776907994\n|detailschange|p1a: MegTheeStallion|Clefable-Mega, L50, F\n|-mega|p1a: MegTheeStallion|Clefable|Clefablite\n|move|p2a: Ceruledge|Poltergeist|p1a: MegTheeStallion|[miss]\n|-miss|p2a: Ceruledge|p1a: MegTheeStallion\n|move|p1a: MegTheeStallion|Moonlight|p1a: MegTheeStallion\n|-heal|p1a: MegTheeStallion|81/100\n|\n|upkeep\n|turn|13\n|c|\u2606SpankDaddyRecords|Too bad it is useless when a mega stone is my item\n|\n|t:|1776908013\n|switch|p2a: Slowking|Slowking-Galar, L50, M, shiny|100/100\n|move|p1a: MegTheeStallion|Moonlight|p1a: MegTheeStallion\n|-heal|p1a: MegTheeStallion|100/100\n|\n|upkeep\n|turn|14\n|c|\u2606SpankDaddyRecords|That thing is damaged\n|\n|t:|1776908025\n|move|p1a: MegTheeStallion|Flamethrower|p2a: Slowking\n|-damage|p2a: Slowking|59/100\n|move|p2a: Slowking|Sludge Wave|p1a: MegTheeStallion\n|-supereffective|p1a: MegTheeStallion|1\n|-damage|p1a: MegTheeStallion|47/100\n|\n|upkeep\n|turn|15\n|\n|t:|1776908036\n|move|p1a: MegTheeStallion|Moonlight|p1a: MegTheeStallion\n|-heal|p1a: MegTheeStallion|97/100\n|move|p2a: Slowking|Sludge Wave|p1a: MegTheeStallion\n|-supereffective|p1a: MegTheeStallion|1\n|-damage|p1a: MegTheeStallion|43/100\n|\n|upkeep\n|turn|16\n|\n|t:|1776908044\n|move|p1a: MegTheeStallion|Moonlight|p1a: MegTheeStallion\n|-heal|p1a: MegTheeStallion|93/100\n|move|p2a: Slowking|Sludge Wave|p1a: MegTheeStallion\n|-supereffective|p1a: MegTheeStallion|1\n|-damage|p1a: MegTheeStallion|41/100\n|\n|upkeep\n|turn|17\n|\n|t:|1776908052\n|move|p1a: MegTheeStallion|Calm Mind|p1a: MegTheeStallion\n|-boost|p1a: MegTheeStallion|spa|1\n|-boost|p1a: MegTheeStallion|spd|1\n|move|p2a: Slowking|Sludge Wave|p1a: MegTheeStallion\n|-supereffective|p1a: MegTheeStallion|1\n|-damage|p1a: MegTheeStallion|1/100\n|\n|upkeep\n|turn|18\n|\n|t:|1776908060\n|move|p1a: MegTheeStallion|Flamethrower|p2a: Slowking\n|-damage|p2a: Slowking|7/100\n|move|p2a: Slowking|Sludge Wave|p1a: MegTheeStallion\n|-supereffective|p1a: MegTheeStallion|1\n|-damage|p1a: MegTheeStallion|0 fnt\n|faint|p1a: MegTheeStallion\n|\n|upkeep\n|\n|t:|1776908062\n|switch|p1a: Brady|Delphox, L50, M|18/100\n|turn|19\n|\n|t:|1776908073\n|move|p1a: Brady|Flamethrower|p2a: Slowking\n|-damage|p2a: Slowking|0 fnt\n|faint|p2a: Slowking\n|\n|upkeep\n|\n|t:|1776908078\n|switch|p2a: Hydreigon|Hydreigon, L50, F|65/100\n|turn|20\n|c|\u2606SpankDaddyRecords|Clef sweeps\n|inactive|SpankDaddyRecords has 30 seconds left.\n|c|\u2606SpankDaddyRecords|polter is unaffected cuz mega stone is a non item\n|inactive|SpankDaddyRecords has 20 seconds left.\n|inactive|SpankDaddyRecords has 15 seconds left.\n|inactive|SpankDaddyRecords has 10 seconds left.\n|inactive|SpankDaddyRecords has 5 seconds left.\n|\n|t:|1776908133\n|move|p2a: Hydreigon|Dark Pulse|p1a: Brady\n|-supereffective|p1a: Brady|1\n|-crit|p1a: Brady\n|-damage|p1a: Brady|0 fnt\n|faint|p1a: Brady\n|\n|win|hijanu\n|raw|SpankDaddyRecords's rating: 1221 &rarr; <strong>1197</strong><br />(-24 for losing)\n|raw|hijanu's rating: 1237 &rarr; <strong>1261</strong><br />(+24 for winning)\n|c|\u2606hijanu|Ty for letting me know about the mega stone\n", "uploadtime": 1776908235, "views": 8, "formatid": "gen9championsbssregma", "rating": 1197, "private": 0, "password": null}