{"id": "gen9championsbssregma-2593343401", "format": "[Gen 9 Champions] BSS Reg M-A", "players": ["DGENERAT", "scarfchompgaming"], "log": "|j|\u2606DGENERAT\n|j|\u2606scarfchompgaming\n|t:|1777072502\n|gametype|singles\n|player|p1|DGENERAT|guzma|1435\n|player|p2|scarfchompgaming|102|1345\n|gen|9\n|tier|[Gen 9 Champions] BSS Reg M-A\n|rated|\n|rule|Species Clause: Limit one of each Pok\u00e9mon\n|rule|Item Clause: Limit 1 of each item\n|clearpoke\n|poke|p1|Gengar, L50, F, shiny|\n|poke|p1|Hippowdon, L50, F|\n|poke|p1|Meowscarada, L50, M|\n|poke|p1|Primarina, L50, M, shiny|\n|poke|p1|Kangaskhan, L50, F|\n|poke|p1|Kingambit, L50, M, shiny|\n|poke|p2|Skeledirge, L50, F|\n|poke|p2|Kangaskhan, L50, F|\n|poke|p2|Alakazam, L50, M|\n|poke|p2|Basculegion, L50, M|\n|poke|p2|Conkeldurr, L50, M|\n|poke|p2|Meganium, L50, F|\n|teampreview|3\n|inactive|Battle timer is ON: inactive players will automatically lose when time's up. (requested by DGENERAT)\n|inactive|DGENERAT has 60 seconds left.\n|\n|t:|1777072539\n|teamsize|p1|3\n|teamsize|p2|3\n|start\n|switch|p1a: Gengar|Gengar, L50, F, shiny|100/100\n|switch|p2a: Kangaskhan|Kangaskhan, L50, F|100/100\n|turn|1\n|\n|t:|1777072548\n|switch|p1a: Hippowdon|Hippowdon, L50, F|100/100\n|-weather|Sandstorm|[from] ability: Sand Stream|[of] p1a: Hippowdon\n|move|p2a: Kangaskhan|Fake Out|p1a: Hippowdon\n|-damage|p1a: Hippowdon|85/100\n|\n|-weather|Sandstorm|[upkeep]\n|-damage|p2a: Kangaskhan|94/100|[from] Sandstorm\n|upkeep\n|turn|2\n|\n|t:|1777072554\n|switch|p2a: Meganium|Meganium, L50, F|100/100\n|move|p1a: Hippowdon|Yawn|p2a: Meganium\n|-start|p2a: Meganium|move: Yawn|[of] p1a: Hippowdon\n|\n|-weather|Sandstorm|[upkeep]\n|-damage|p2a: Meganium|95/100|[from] Sandstorm\n|upkeep\n|turn|3\n|\n|t:|1777072567\n|detailschange|p2a: Meganium|Meganium-Mega, L50, F\n|-mega|p2a: Meganium|Meganium|Meganiumite\n|move|p2a: Meganium|Solar Beam||[still]\n|-prepare|p2a: Meganium|Solar Beam\n|-activate|p2a: Meganium|ability: Mega Sol\n|-anim|p2a: Meganium|Solar Beam|p1a: Hippowdon\n|-supereffective|p1a: Hippowdon|1\n|-crit|p1a: Hippowdon\n|-damage|p1a: Hippowdon|0 fnt\n|faint|p1a: Hippowdon\n|\n|-weather|Sandstorm|[upkeep]\n|-damage|p2a: Meganium|89/100|[from] Sandstorm\n|-end|p2a: Meganium|move: Yawn|[silent]\n|-status|p2a: Meganium|slp\n|upkeep\n|\n|t:|1777072571\n|switch|p1a: Gengar|Gengar, L50, F, shiny|100/100\n|turn|4\n|\n|t:|1777072588\n|switch|p2a: Conkeldurr|Conkeldurr, L50, M|100/100\n|detailschange|p1a: Gengar|Gengar-Mega, L50, F, shiny\n|-mega|p1a: Gengar|Gengar|Gengarite\n|move|p1a: Gengar|Substitute|p1a: Gengar\n|-start|p1a: Gengar|Substitute\n|-damage|p1a: Gengar|75/100\n|\n|-weather|Sandstorm|[upkeep]\n|-damage|p1a: Gengar|70/100|[from] Sandstorm\n|-damage|p2a: Conkeldurr|94/100|[from] Sandstorm\n|upkeep\n|turn|5\n|\n|t:|1777072595\n|move|p1a: Gengar|Sludge Wave|p2a: Conkeldurr\n|-damage|p2a: Conkeldurr|25/100\n|move|p2a: Conkeldurr|Earthquake|p1a: Gengar\n|-supereffective|p1a: Gengar|1\n|-end|p1a: Gengar|Substitute\n|\n|-weather|none\n|upkeep\n|turn|6\n|\n|t:|1777072604\n|move|p1a: Gengar|Sludge Wave|p2a: Conkeldurr\n|-damage|p2a: Conkeldurr|0 fnt\n|faint|p2a: Conkeldurr\n|\n|upkeep\n|\n|t:|1777072605\n|switch|p2a: Kangaskhan|Kangaskhan, L50, F|94/100\n|turn|7\n|\n|t:|1777072608\n|switch|p1a: Kingambit|Kingambit, L50, M, shiny|100/100\n|-activate|p1a: Kingambit|ability: Supreme Overlord\n|-start|p1a: Kingambit|fallen1|[silent]\n|move|p2a: Kangaskhan|Fake Out|p1a: Kingambit\n|-resisted|p1a: Kingambit|1\n|-damage|p1a: Kingambit|93/100\n|\n|upkeep\n|turn|8\n|\n|t:|1777072612\n|switch|p2a: Meganium|Meganium-Mega, L50, F|89/100 slp\n|move|p1a: Kingambit|Kowtow Cleave|p2a: Meganium\n|-resisted|p2a: Meganium|1\n|-damage|p2a: Meganium|62/100 slp\n|\n|upkeep\n|turn|9\n|\n|t:|1777072616\n|cant|p2a: Meganium|slp\n|move|p1a: Kingambit|Iron Head|p2a: Meganium\n|-supereffective|p2a: Meganium|1\n|-damage|p2a: Meganium|0 fnt\n|faint|p2a: Meganium\n|\n|upkeep\n|\n|t:|1777072620\n|switch|p2a: Kangaskhan|Kangaskhan, L50, F|94/100\n|turn|10\n|\n|t:|1777072622\n|move|p2a: Kangaskhan|Fake Out|p1a: Kingambit\n|-resisted|p1a: Kingambit|1\n|-damage|p1a: Kingambit|85/100\n|cant|p1a: Kingambit|flinch\n|\n|upkeep\n|turn|11\n|\n|t:|1777072624\n|move|p2a: Kangaskhan|Last Resort|p1a: Kingambit\n|-resisted|p1a: Kingambit|1\n|-crit|p1a: Kingambit\n|-damage|p1a: Kingambit|44/100\n|move|p1a: Kingambit|Kowtow Cleave|p2a: Kangaskhan\n|-damage|p2a: Kangaskhan|14/100\n|\n|upkeep\n|turn|12\n|\n|t:|1777072629\n|move|p1a: Kingambit|Sucker Punch|p2a: Kangaskhan\n|-damage|p2a: Kangaskhan|0 fnt\n|faint|p2a: Kangaskhan\n|\n|win|DGENERAT\n|raw|DGENERAT's rating: 1435 &rarr; <strong>1450</strong><br />(+15 for winning)\n|raw|scarfchompgaming's rating: 1345 &rarr; <strong>1330</strong><br />(-15 for losing)\n|l|\u2606scarfchompgaming\n|player|p2|\n", "uploadtime": 1777072639, "views": 9, "formatid": "gen9championsbssregma", "rating": 1330, "private": 0, "password": null}