{"id": "gen9championsbssregma-2592968802", "format": "[Gen 9 Champions] BSS Reg M-A", "players": ["kardinloveskermit", "boi in the back"], "log": "|j|\u2606kardinloveskermit\n|j|\u2606boi in the back\n|t:|1777043862\n|gametype|singles\n|player|p1|kardinloveskermit|102|1318\n|player|p2|boi in the back|jacinthe|1228\n|gen|9\n|tier|[Gen 9 Champions] BSS Reg M-A\n|rated|\n|rule|Species Clause: Limit one of each Pok\u00e9mon\n|rule|Item Clause: Limit 1 of each item\n|clearpoke\n|poke|p1|Corviknight, L50, M, shiny|\n|poke|p1|Garchomp, L50, M|\n|poke|p1|Sneasler, L50, F|\n|poke|p1|Ceruledge, L50, M|\n|poke|p1|Meowscarada, L50, M|\n|poke|p1|Greninja, L50, F|\n|poke|p2|Meganium, L50, F, shiny|\n|poke|p2|Garchomp, L50, F|\n|poke|p2|Lucario, L50, M|\n|poke|p2|Kingambit, L50, M|\n|poke|p2|Volcarona, L50, F, shiny|\n|poke|p2|Gengar, L50, F|\n|teampreview|3\n|inactive|Battle timer is ON: inactive players will automatically lose when time's up. (requested by boi in the back)\n|inactive|kardinloveskermit has 60 seconds left.\n|inactive|boi in the back has 60 seconds left.\n|inactive|kardinloveskermit has 30 seconds left.\n|inactive|kardinloveskermit has 20 seconds left.\n|\n|t:|1777043934\n|teamsize|p1|3\n|teamsize|p2|3\n|start\n|switch|p1a: Garchomp|Garchomp, L50, M|100/100\n|switch|p2a: Garchomp|Garchomp, L50, F|100/100\n|turn|1\n|\n|t:|1777043939\n|move|p2a: Garchomp|Outrage|p1a: Garchomp\n|-supereffective|p1a: Garchomp|1\n|-damage|p1a: Garchomp|13/100\n|-damage|p2a: Garchomp|88/100|[from] ability: Rough Skin|[of] p1a: Garchomp\n|-enditem|p1a: Garchomp|Sitrus Berry|[eat]\n|-heal|p1a: Garchomp|38/100|[from] item: Sitrus Berry\n|move|p1a: Garchomp|Stealth Rock|p2a: Garchomp\n|-sidestart|p2: boi in the back|move: Stealth Rock\n|\n|upkeep\n|turn|2\n|\n|t:|1777043946\n|move|p2a: Garchomp|Outrage|p1a: Garchomp|[from] lockedmove\n|-supereffective|p1a: Garchomp|1\n|-damage|p1a: Garchomp|0 fnt\n|-damage|p2a: Garchomp|76/100|[from] ability: Rough Skin|[of] p1a: Garchomp\n|faint|p1a: Garchomp\n|\n|upkeep\n|\n|t:|1777043948\n|switch|p1a: Greninja|Greninja, L50, F|100/100\n|turn|3\n|\n|t:|1777043952\n|move|p2a: Garchomp|Outrage|p1a: Greninja|[from] lockedmove\n|-damage|p1a: Greninja|0 fnt\n|faint|p1a: Greninja\n|-start|p2a: Garchomp|confusion|[fatigue]\n|\n|upkeep\n|\n|t:|1777043956\n|switch|p1a: Ceruledge|Ceruledge, L50, M|100/100\n|turn|4\n|\n|t:|1777043957\n|-activate|p2a: Garchomp|confusion\n|move|p2a: Garchomp|Outrage|p1a: Ceruledge\n|-enditem|p1a: Ceruledge|Focus Sash\n|-damage|p1a: Ceruledge|1/100\n|-ability|p1a: Ceruledge|Weak Armor|boost\n|-unboost|p1a: Ceruledge|def|1\n|-boost|p1a: Ceruledge|spe|2\n|move|p1a: Ceruledge|Swords Dance|p1a: Ceruledge\n|-boost|p1a: Ceruledge|atk|2\n|\n|upkeep\n|turn|5\n|\n|t:|1777043961\n|move|p1a: Ceruledge|Bitter Blade|p2a: Garchomp\n|-resisted|p2a: Garchomp|1\n|-damage|p2a: Garchomp|29/100\n|-heal|p1a: Ceruledge|30/100|[from] drain|[of] p2a: Garchomp\n|-damage|p1a: Ceruledge|17/100|[from] ability: Rough Skin|[of] p2a: Garchomp\n|-end|p2a: Garchomp|confusion\n|move|p2a: Garchomp|Outrage|p1a: Ceruledge|[from] lockedmove\n|-damage|p1a: Ceruledge|0 fnt\n|faint|p1a: Ceruledge\n|-start|p2a: Garchomp|confusion|[fatigue]\n|\n|win|boi in the back\n|raw|kardinloveskermit's rating: 1318 &rarr; <strong>1293</strong><br />(-25 for losing)\n|raw|boi in the back's rating: 1228 &rarr; <strong>1259</strong><br />(+31 for winning)\n", "uploadtime": 1777043963, "views": 3, "formatid": "gen9championsbssregma", "rating": 1259, "private": 0, "password": null}