{"id": "gen9championsbssregma-2591587538", "format": "[Gen 9 Champions] BSS Reg M-A", "players": ["YAJEE", "Mori Tomoya"], "log": "|j|\u2606YAJEE\n|j|\u2606Mori Tomoya\n|t:|1776914056\n|gametype|singles\n|player|p1|YAJEE|265|1410\n|player|p2|Mori Tomoya|102|1440\n|gen|9\n|tier|[Gen 9 Champions] BSS Reg M-A\n|rated|\n|rule|Species Clause: Limit one of each Pok\u00e9mon\n|rule|Item Clause: Limit 1 of each item\n|clearpoke\n|poke|p1|Delphox, L50, M|\n|poke|p1|Basculegion, L50, M|\n|poke|p1|Meowscarada, L50, M|\n|poke|p1|Archaludon, L50, F|\n|poke|p1|Hippowdon, L50, M|\n|poke|p1|Clefable, L50, M|\n|poke|p2|Archaludon, L50, M|\n|poke|p2|Dragonite, L50, F|\n|poke|p2|Meowscarada, L50, F|\n|poke|p2|Kangaskhan, L50, F|\n|poke|p2|Aegislash, L50, M|\n|poke|p2|Primarina, L50, F|\n|teampreview|3\n|j| driflount drifloon\n|\n|t:|1776914097\n|teamsize|p1|3\n|teamsize|p2|3\n|start\n|switch|p1a: Archaludon|Archaludon, L50, F|100/100\n|switch|p2a: Dragonite|Dragonite, L50, F|100/100\n|turn|1\n|\n|t:|1776914110\n|detailschange|p2a: Dragonite|Dragonite-Mega, L50, F\n|-mega|p2a: Dragonite|Dragonite|Dragoninite\n|move|p2a: Dragonite|Dragon Pulse|p1a: Archaludon\n|-damage|p1a: Archaludon|50/100\n|-ability|p1a: Archaludon|Stamina|boost\n|-boost|p1a: Archaludon|def|1\n|move|p1a: Archaludon|Dragon Tail|p2a: Dragonite|[miss]\n|-miss|p1a: Archaludon|p2a: Dragonite\n|\n|-heal|p1a: Archaludon|56/100|[from] item: Leftovers\n|upkeep\n|turn|2\n|\n|t:|1776914123\n|switch|p1a: Clefable|Clefable, L50, M|100/100\n|move|p2a: Dragonite|Dragon Pulse|p1a: Clefable\n|-immune|p1a: Clefable\n|\n|upkeep\n|turn|3\n|\n|t:|1776914133\n|switch|p2a: Aegislash|Aegislash, L50, M|100/100\n|move|p1a: Clefable|Cosmic Power|p1a: Clefable\n|-boost|p1a: Clefable|def|1\n|-boost|p1a: Clefable|spd|1\n|\n|upkeep\n|turn|4\n|\n|t:|1776914148\n|detailschange|p1a: Clefable|Clefable-Mega, L50, M\n|-mega|p1a: Clefable|Clefable|Clefablite\n|move|p2a: Aegislash|Swords Dance|p2a: Aegislash\n|-boost|p2a: Aegislash|atk|2\n|move|p1a: Clefable|Flamethrower|p2a: Aegislash\n|-supereffective|p2a: Aegislash|1\n|-damage|p2a: Aegislash|46/100\n|\n|upkeep\n|turn|5\n|\n|t:|1776914156\n|-formechange|p2a: Aegislash|Aegislash-Blade|\n|move|p2a: Aegislash|Poltergeist|p1a: Clefable\n|-activate|p1a: Clefable|move: Poltergeist|Clefablite\n|-crit|p1a: Clefable\n|-damage|p1a: Clefable|0 fnt\n|faint|p1a: Clefable\n|\n|upkeep\n|\n|t:|1776914166\n|switch|p1a: Meowscarada|Meowscarada, L50, M|100/100\n|turn|6\n|\n|t:|1776914183\n|move|p1a: Meowscarada|Knock Off|p2a: Aegislash\n|-start|p1a: Meowscarada|typechange|Dark|[from] ability: Protean\n|-supereffective|p2a: Aegislash|1\n|-damage|p2a: Aegislash|0 fnt\n|-enditem|p2a: Aegislash|Focus Sash|[from] move: Knock Off|[of] p1a: Meowscarada\n|faint|p2a: Aegislash\n|\n|upkeep\n|\n|t:|1776914186\n|switch|p2a: Meowscarada|Meowscarada, L50, F|100/100\n|turn|7\n|\n|t:|1776914201\n|switch|p1a: Archaludon|Archaludon, L50, F|56/100\n|move|p2a: Meowscarada|Flower Trick|p1a: Archaludon\n|-start|p2a: Meowscarada|typechange|Grass|[from] ability: Protean\n|-resisted|p1a: Archaludon|2\n|-crit|p1a: Archaludon\n|-damage|p1a: Archaludon|48/100\n|-ability|p1a: Archaludon|Stamina|boost\n|-boost|p1a: Archaludon|def|1\n|\n|-heal|p1a: Archaludon|54/100|[from] item: Leftovers\n|upkeep\n|turn|8\n|\n|t:|1776914221\n|switch|p2a: Dragonite|Dragonite-Mega, L50, F|100/100\n|move|p1a: Archaludon|Stealth Rock|p2a: Dragonite\n|-sidestart|p2: Mori Tomoya|move: Stealth Rock\n|\n|-heal|p1a: Archaludon|60/100|[from] item: Leftovers\n|upkeep\n|turn|9\n|\n|t:|1776914229\n|move|p2a: Dragonite|Dragon Pulse|p1a: Archaludon\n|-damage|p1a: Archaludon|15/100\n|-ability|p1a: Archaludon|Stamina|boost\n|-boost|p1a: Archaludon|def|1\n|move|p1a: Archaludon|Dragon Tail|p2a: Dragonite\n|-supereffective|p2a: Dragonite|1\n|-damage|p2a: Dragonite|86/100\n|drag|p2a: Meowscarada|Meowscarada, L50, F|100/100\n|-damage|p2a: Meowscarada|88/100|[from] Stealth Rock\n|\n|-heal|p1a: Archaludon|21/100|[from] item: Leftovers\n|upkeep\n|turn|10\n|\n|t:|1776914244\n|move|p2a: Meowscarada|Triple Axel|p1a: Archaludon\n|-start|p2a: Meowscarada|typechange|Ice|[from] ability: Protean\n|-crit|p1a: Archaludon\n|-damage|p1a: Archaludon|11/100\n|-ability|p1a: Archaludon|Stamina|boost\n|-boost|p1a: Archaludon|def|1\n|-damage|p1a: Archaludon|5/100\n|-ability|p1a: Archaludon|Stamina|boost\n|-boost|p1a: Archaludon|def|1\n|-damage|p1a: Archaludon|0 fnt\n|faint|p1a: Archaludon\n|-hitcount|p1: Archaludon|3\n|\n|upkeep\n|\n|t:|1776914257\n|switch|p1a: Meowscarada|Meowscarada, L50, M|100/100\n|turn|11\n|\n|t:|1776914262\n|move|p1a: Meowscarada|Sucker Punch|p2a: Meowscarada\n|-start|p1a: Meowscarada|typechange|Dark|[from] ability: Protean\n|-damage|p2a: Meowscarada|44/100\n|move|p2a: Meowscarada|Triple Axel|p1a: Meowscarada\n|-damage|p1a: Meowscarada|84/100\n|-damage|p1a: Meowscarada|54/100\n|-damage|p1a: Meowscarada|9/100\n|-hitcount|p1a: Meowscarada|3\n|\n|upkeep\n|turn|12\n|\n|t:|1776914276\n|switch|p2a: Dragonite|Dragonite-Mega, L50, F|86/100\n|-damage|p2a: Dragonite|61/100|[from] Stealth Rock\n|move|p1a: Meowscarada|Sucker Punch||[still]\n|-fail|p1a: Meowscarada\n|\n|upkeep\n|turn|13\n|\n|t:|1776914283\n|move|p1a: Meowscarada|Triple Axel|p2a: Dragonite|[miss]\n|-miss|p1a: Meowscarada|p2a: Dragonite\n|move|p2a: Dragonite|Flamethrower|p1a: Meowscarada\n|-damage|p1a: Meowscarada|0 fnt\n|faint|p1a: Meowscarada\n|\n|win|Mori Tomoya\n|raw|YAJEE's rating: 1410 &rarr; <strong>1392</strong><br />(-18 for losing)\n|raw|Mori Tomoya's rating: 1440 &rarr; <strong>1458</strong><br />(+18 for winning)\n|c| driflount drifloon|lol\n|l|\u2606YAJEE\n|player|p1|\n", "uploadtime": 1776914302, "views": 5, "formatid": "gen9championsbssregma", "rating": 1392, "private": 0, "password": null}