{"id": "gen9championsbssregma-2589643949", "format": "[Gen 9 Champions] BSS Reg M-A", "players": ["lligand", "coldcandy"], "log": "|j|\u2606lligand\n|j|\u2606coldcandy\n|t:|1776742365\n|gametype|singles\n|player|p1|lligand|2|1363\n|player|p2|coldcandy|swimmerf|1383\n|gen|9\n|tier|[Gen 9 Champions] BSS Reg M-A\n|rated|\n|rule|Species Clause: Limit one of each Pok\u00e9mon\n|rule|Item Clause: Limit 1 of each item\n|clearpoke\n|poke|p1|Dragapult, L50, M|\n|poke|p1|Venusaur, L50, M|\n|poke|p1|Corviknight, L50, M|\n|poke|p1|Hydreigon, L50, F|\n|poke|p1|Milotic, L50, M|\n|poke|p1|Manectric, L50, M|\n|poke|p2|Greninja, L50, M, shiny|\n|poke|p2|Kangaskhan, L50, F, shiny|\n|poke|p2|Charizard, L50, F|\n|poke|p2|Gyarados, L50, M, shiny|\n|poke|p2|Mimikyu, L50, F, shiny|\n|poke|p2|Aegislash, L50, M, shiny|\n|teampreview|3\n|inactive|Battle timer is ON: inactive players will automatically lose when time's up. (requested by coldcandy)\n|inactive|lligand has 60 seconds left.\n|inactive|coldcandy has 60 seconds left.\n|\n|t:|1776742405\n|teamsize|p1|3\n|teamsize|p2|3\n|start\n|switch|p1a: Manectric|Manectric, L50, M|100/100\n|switch|p2a: Charizard|Charizard, L50, F|100/100\n|turn|1\n|\n|t:|1776742416\n|detailschange|p1a: Manectric|Manectric-Mega, L50, M\n|-mega|p1a: Manectric|Manectric|Manectite\n|-ability|p1a: Manectric|Intimidate|boost\n|-unboost|p2a: Charizard|atk|1\n|detailschange|p2a: Charizard|Charizard-Mega-X, L50, F\n|-mega|p2a: Charizard|Charizard|Charizardite X\n|move|p1a: Manectric|Volt Switch|p2a: Charizard\n|-resisted|p2a: Charizard|1\n|-damage|p2a: Charizard|75/100\n|\n|t:|1776742428\n|switch|p1a: Corviknight|Corviknight, L50, M|100/100|[from] Volt Switch\n|-ability|p1a: Corviknight|Pressure\n|move|p2a: Charizard|Flame Charge|p1a: Corviknight\n|-supereffective|p1a: Corviknight|1\n|-damage|p1a: Corviknight|66/100\n|-boost|p2a: Charizard|spe|1\n|\n|-heal|p1a: Corviknight|73/100|[from] item: Leftovers\n|upkeep\n|turn|2\n|\n|t:|1776742440\n|switch|p2a: Gyarados|Gyarados, L50, M, shiny|100/100\n|-ability|p2a: Gyarados|Intimidate|boost\n|-unboost|p1a: Corviknight|atk|1\n|move|p1a: Corviknight|Iron Defense|p1a: Corviknight\n|-boost|p1a: Corviknight|def|2\n|\n|-heal|p1a: Corviknight|79/100|[from] item: Leftovers\n|upkeep\n|turn|3\n|\n|t:|1776742448\n|move|p2a: Gyarados|Taunt|p1a: Corviknight\n|-start|p1a: Corviknight|move: Taunt\n|cant|p1a: Corviknight|move: Taunt|Iron Defense\n|\n|-heal|p1a: Corviknight|85/100|[from] item: Leftovers\n|upkeep\n|turn|4\n|j| p74\n|\n|t:|1776742454\n|move|p2a: Gyarados|Dragon Dance|p2a: Gyarados\n|-boost|p2a: Gyarados|atk|1\n|-boost|p2a: Gyarados|spe|1\n|move|p1a: Corviknight|Body Press|p2a: Gyarados\n|-resisted|p2a: Gyarados|1\n|-damage|p2a: Gyarados|72/100\n|\n|-heal|p2a: Gyarados|78/100|[from] item: Leftovers\n|-heal|p1a: Corviknight|91/100|[from] item: Leftovers\n|upkeep\n|turn|5\n|\n|t:|1776742463\n|move|p2a: Gyarados|Dragon Dance|p2a: Gyarados\n|-boost|p2a: Gyarados|atk|1\n|-boost|p2a: Gyarados|spe|1\n|move|p1a: Corviknight|Body Press|p2a: Gyarados\n|-resisted|p2a: Gyarados|1\n|-damage|p2a: Gyarados|51/100\n|\n|-heal|p2a: Gyarados|57/100|[from] item: Leftovers\n|-heal|p1a: Corviknight|97/100|[from] item: Leftovers\n|-end|p1a: Corviknight|move: Taunt\n|upkeep\n|turn|6\n|\n|t:|1776742472\n|move|p2a: Gyarados|Waterfall|p1a: Corviknight\n|-damage|p1a: Corviknight|74/100\n|move|p1a: Corviknight|Iron Defense|p1a: Corviknight\n|-boost|p1a: Corviknight|def|2\n|\n|-heal|p2a: Gyarados|64/100|[from] item: Leftovers\n|-heal|p1a: Corviknight|80/100|[from] item: Leftovers\n|upkeep\n|turn|7\n|\n|t:|1776742478\n|move|p2a: Gyarados|Taunt|p1a: Corviknight\n|-start|p1a: Corviknight|move: Taunt\n|move|p1a: Corviknight|Body Press|p2a: Gyarados\n|-resisted|p2a: Gyarados|1\n|-damage|p2a: Gyarados|20/100\n|\n|-heal|p2a: Gyarados|26/100|[from] item: Leftovers\n|-heal|p1a: Corviknight|87/100|[from] item: Leftovers\n|upkeep\n|turn|8\n|\n|t:|1776742481\n|move|p2a: Gyarados|Dragon Dance|p2a: Gyarados\n|-boost|p2a: Gyarados|atk|1\n|-boost|p2a: Gyarados|spe|1\n|move|p1a: Corviknight|Body Press|p2a: Gyarados\n|-resisted|p2a: Gyarados|1\n|-damage|p2a: Gyarados|0 fnt\n|faint|p2a: Gyarados\n|\n|-heal|p1a: Corviknight|93/100|[from] item: Leftovers\n|upkeep\n|\n|t:|1776742485\n|switch|p2a: Charizard|Charizard-Mega-X, L50, F|75/100\n|turn|9\n|\n|t:|1776742490\n|move|p2a: Charizard|Flare Blitz|p1a: Corviknight\n|-supereffective|p1a: Corviknight|1\n|-damage|p1a: Corviknight|49/100\n|-damage|p2a: Charizard|57/100|[from] Recoil\n|move|p1a: Corviknight|Body Press|p2a: Charizard\n|-damage|p2a: Charizard|0 fnt\n|faint|p2a: Charizard\n|\n|-heal|p1a: Corviknight|55/100|[from] item: Leftovers\n|-end|p1a: Corviknight|move: Taunt\n|upkeep\n|\n|t:|1776742492\n|switch|p2a: Mimikyu|Mimikyu, L50, F, shiny|100/100\n|turn|10\n|\n|t:|1776742501\n|move|p2a: Mimikyu|Shadow Sneak|p1a: Corviknight\n|-damage|p1a: Corviknight|51/100\n|move|p1a: Corviknight|U-turn|p2a: Mimikyu\n|-activate|p2a: Mimikyu|ability: Disguise\n|-damage|p2a: Mimikyu|100/100\n|detailschange|p2a: Mimikyu|Mimikyu-Busted, L50, F, shiny\n|-damage|p2a: Mimikyu|89/100|[from] pokemon: Mimikyu-Busted\n|\n|t:|1776742503\n|switch|p1a: Manectric|Manectric-Mega, L50, M|100/100|[from] U-turn\n|-ability|p1a: Manectric|Intimidate|boost\n|-unboost|p2a: Mimikyu|atk|1\n|\n|upkeep\n|turn|11\n|\n|t:|1776742506\n|move|p2a: Mimikyu|Shadow Sneak|p1a: Manectric\n|-damage|p1a: Manectric|83/100\n|move|p1a: Manectric|Thunderbolt|p2a: Mimikyu\n|-damage|p2a: Mimikyu|35/100\n|\n|upkeep\n|turn|12\n|\n|t:|1776742509\n|move|p2a: Mimikyu|Shadow Sneak|p1a: Manectric\n|-damage|p1a: Manectric|65/100\n|move|p1a: Manectric|Thunderbolt|p2a: Mimikyu\n|-damage|p2a: Mimikyu|0 fnt\n|faint|p2a: Mimikyu\n|\n|win|lligand\n|raw|lligand's rating: 1363 &rarr; <strong>1384</strong><br />(+21 for winning)\n|raw|coldcandy's rating: 1383 &rarr; <strong>1362</strong><br />(-21 for losing)\n|l|\u2606coldcandy\n|player|p2|\n|l|\u2606lligand\n|player|p1|\n", "uploadtime": 1776742571, "views": 5, "formatid": "gen9championsbssregma", "rating": 1362, "private": 0, "password": null}