{"id": "gen9championsbssregma-2589647030", "format": "[Gen 9 Champions] BSS Reg M-A", "players": ["coldcandy", "kyopoke_4ne"], "log": "|j|\u2606coldcandy\n|j|\u2606kyopoke_4ne\n|t:|1776742693\n|gametype|singles\n|player|p1|coldcandy|swimmerf|1347\n|player|p2|kyopoke_4ne|169|1362\n|gen|9\n|tier|[Gen 9 Champions] BSS Reg M-A\n|rated|\n|rule|Species Clause: Limit one of each Pok\u00e9mon\n|rule|Item Clause: Limit 1 of each item\n|clearpoke\n|poke|p1|Greninja, L50, M, shiny|\n|poke|p1|Kangaskhan, L50, F, shiny|\n|poke|p1|Charizard, L50, M|\n|poke|p1|Gyarados, L50, F, shiny|\n|poke|p1|Mimikyu, L50, M, shiny|\n|poke|p1|Aegislash, L50, M, shiny|\n|poke|p2|Hippowdon, L50, M|\n|poke|p2|Charizard, L50, M|\n|poke|p2|Archaludon, L50, F|\n|poke|p2|Garchomp, L50, M|\n|poke|p2|Primarina, L50, M|\n|poke|p2|Kangaskhan, L50, F|\n|teampreview|3\n|inactive|Battle timer is ON: inactive players will automatically lose when time's up. (requested by coldcandy)\n|j| beatmesilly\n|inactive|coldcandy has 60 seconds left.\n|\n|t:|1776742732\n|teamsize|p1|3\n|teamsize|p2|3\n|start\n|switch|p1a: Greninja|Greninja, L50, M, shiny|100/100\n|switch|p2a: Kangaskhan|Kangaskhan, L50, F|100/100\n|turn|1\n|inactive|kyopoke_4ne has 30 seconds left.\n|l| beatmesilly\n|\n|t:|1776742763\n|switch|p1a: Mimikyu|Mimikyu, L50, M, shiny|100/100\n|detailschange|p2a: Kangaskhan|Kangaskhan-Mega, L50, F\n|-mega|p2a: Kangaskhan|Kangaskhan|Kangaskhanite\n|move|p2a: Kangaskhan|Fake Out|p1a: Mimikyu\n|-immune|p1a: Mimikyu\n|\n|upkeep\n|turn|2\n|\n|t:|1776742773\n|move|p2a: Kangaskhan|Earthquake|p1a: Mimikyu\n|-activate|p1a: Mimikyu|ability: Disguise\n|-damage|p1a: Mimikyu|100/100\n|detailschange|p1a: Mimikyu|Mimikyu-Busted, L50, M, shiny\n|-damage|p1a: Mimikyu|89/100|[from] pokemon: Mimikyu-Busted\n|-damage|p1a: Mimikyu|77/100\n|-hitcount|p1a: Mimikyu|2\n|move|p1a: Mimikyu|Swords Dance|p1a: Mimikyu\n|-boost|p1a: Mimikyu|atk|2\n|\n|upkeep\n|turn|3\n|\n|t:|1776742787\n|move|p2a: Kangaskhan|Earthquake|p1a: Mimikyu\n|-damage|p1a: Mimikyu|26/100\n|-damage|p1a: Mimikyu|14/100\n|-hitcount|p1a: Mimikyu|2\n|move|p1a: Mimikyu|Drain Punch|p2a: Kangaskhan\n|-supereffective|p2a: Kangaskhan|1\n|-damage|p2a: Kangaskhan|18/100\n|-heal|p1a: Mimikyu|67/100|[from] drain|[of] p2a: Kangaskhan\n|\n|upkeep\n|turn|4\n|inactive|coldcandy has 30 seconds left.\n|\n|t:|1776742821\n|switch|p1a: Charizard|Charizard, L50, M|100/100\n|move|p2a: Kangaskhan|Earthquake|p1a: Charizard\n|-immune|p1a: Charizard\n|\n|upkeep\n|turn|5\n|\n|t:|1776742830\n|switch|p2a: Garchomp|Garchomp, L50, M|100/100\n|detailschange|p1a: Charizard|Charizard-Mega-X, L50, M\n|-mega|p1a: Charizard|Charizard|Charizardite X\n|move|p1a: Charizard|Flame Charge|p2a: Garchomp\n|-resisted|p2a: Garchomp|1\n|-damage|p2a: Garchomp|81/100\n|-boost|p1a: Charizard|spe|1\n|-damage|p1a: Charizard|88/100|[from] ability: Rough Skin|[of] p2a: Garchomp\n|\n|upkeep\n|turn|6\n|\n|t:|1776742841\n|move|p2a: Garchomp|Earthquake|p1a: Charizard\n|-supereffective|p1a: Charizard|1\n|-damage|p1a: Charizard|0 fnt\n|faint|p1a: Charizard\n|\n|upkeep\n|\n|t:|1776742847\n|switch|p1a: Greninja|Greninja, L50, M, shiny|100/100\n|turn|7\n|\n|t:|1776742854\n|move|p2a: Garchomp|Earthquake|p1a: Greninja\n|-damage|p1a: Greninja|6/100\n|move|p1a: Greninja|Ice Beam|p2a: Garchomp\n|-supereffective|p2a: Garchomp|2\n|-damage|p2a: Garchomp|0 fnt\n|faint|p2a: Garchomp\n|\n|upkeep\n|\n|t:|1776742862\n|switch|p2a: Archaludon|Archaludon, L50, F|100/100\n|turn|8\n|j| p74\n|\n|t:|1776742867\n|move|p1a: Greninja|Dark Pulse|p2a: Archaludon\n|-damage|p2a: Archaludon|58/100\n|-ability|p2a: Archaludon|Stamina|boost\n|-boost|p2a: Archaludon|def|1\n|move|p2a: Archaludon|Flash Cannon|p1a: Greninja\n|-resisted|p1a: Greninja|1\n|-damage|p1a: Greninja|0 fnt\n|faint|p1a: Greninja\n|\n|-heal|p2a: Archaludon|64/100|[from] item: Leftovers\n|upkeep\n|\n|t:|1776742874\n|switch|p1a: Mimikyu|Mimikyu-Busted, L50, M, shiny|67/100\n|turn|9\n|\n|t:|1776742881\n|move|p2a: Archaludon|Flash Cannon|p1a: Mimikyu\n|-supereffective|p1a: Mimikyu|1\n|-damage|p1a: Mimikyu|0 fnt\n|faint|p1a: Mimikyu\n|\n|win|kyopoke_4ne\n|raw|coldcandy's rating: 1347 &rarr; <strong>1328</strong><br />(-19 for losing)\n|raw|kyopoke_4ne's rating: 1362 &rarr; <strong>1381</strong><br />(+19 for winning)\n|l|\u2606kyopoke_4ne\n|player|p2|\n|l|\u2606coldcandy\n|player|p1|\n", "uploadtime": 1776743615, "views": 2, "formatid": "gen9championsbssregma", "rating": 1328, "private": 0, "password": null}