{"id": "gen9championsbssregma-2591583781", "format": "[Gen 9 Champions] BSS Reg M-A", "players": ["bandai_home", "Teddiurshi"], "log": "|j|\u2606bandai_home\n|j|\u2606Teddiurshi\n|t:|1776913675\n|gametype|singles\n|player|p1|bandai_home|parasollady|1272\n|player|p2|Teddiurshi|hiker-gen4|1378\n|gen|9\n|tier|[Gen 9 Champions] BSS Reg M-A\n|rated|\n|rule|Species Clause: Limit one of each Pok\u00e9mon\n|rule|Item Clause: Limit 1 of each item\n|clearpoke\n|poke|p1|Dragapult, L50, F|\n|poke|p1|Aerodactyl, L50, F|\n|poke|p1|Basculegion, L50, M|\n|poke|p1|Tinkaton, L50, F|\n|poke|p1|Chesnaught, L50, M|\n|poke|p1|Snorlax, L50, M|\n|poke|p2|Beedrill, L50, M|\n|poke|p2|Ceruledge, L50, F|\n|poke|p2|Vanilluxe, L50, F|\n|poke|p2|Toxapex, L50, F|\n|poke|p2|Skarmory, L50, M|\n|poke|p2|Scovillain, L50, F|\n|teampreview|3\n|j| Falco1196\n|\n|t:|1776913695\n|teamsize|p1|3\n|teamsize|p2|3\n|start\n|switch|p1a: Aerodactyl|Aerodactyl, L50, F|100/100\n|switch|p2a: Vanilla Cream|Vanilluxe, L50, F|100/100\n|-weather|Snowscape|[from] ability: Snow Warning|[of] p2a: Vanilla Cream\n|-ability|p1a: Aerodactyl|Pressure\n|turn|1\n|inactive|Battle timer is ON: inactive players will automatically lose when time's up. (requested by bandai_home)\n|\n|t:|1776913702\n|switch|p1a: Snorlax|Snorlax, L50, M|100/100\n|move|p2a: Vanilla Cream|Blizzard|p1a: Snorlax\n|-damage|p1a: Snorlax|85/100\n|\n|-weather|Snowscape|[upkeep]\n|-heal|p1a: Snorlax|91/100|[from] item: Leftovers\n|upkeep\n|turn|2\n|\n|t:|1776913711\n|switch|p2a: Big Eggplant Bee|Beedrill, L50, M|100/100\n|move|p1a: Snorlax|Yawn|p2a: Big Eggplant Bee\n|-start|p2a: Big Eggplant Bee|move: Yawn|[of] p1a: Snorlax\n|\n|-weather|Snowscape|[upkeep]\n|-heal|p1a: Snorlax|97/100|[from] item: Leftovers\n|upkeep\n|turn|3\n|l| Falco1196\n|\n|t:|1776913716\n|detailschange|p2a: Big Eggplant Bee|Beedrill-Mega, L50, M\n|-mega|p2a: Big Eggplant Bee|Beedrill|Beedrillite\n|move|p2a: Big Eggplant Bee|U-turn|p1a: Snorlax\n|-damage|p1a: Snorlax|63/100\n|\n|t:|1776913720\n|switch|p2a: Cerulean Blade|Ceruledge, L50, F|100/100|[from] U-turn\n|move|p1a: Snorlax|Fissure|p2a: Cerulean Blade|[miss]\n|-miss|p1a: Snorlax|p2a: Cerulean Blade\n|\n|-weather|Snowscape|[upkeep]\n|-heal|p1a: Snorlax|69/100|[from] item: Leftovers\n|upkeep\n|turn|4\n|\n|t:|1776913727\n|move|p2a: Cerulean Blade|Bitter Blade|p1a: Snorlax\n|-damage|p1a: Snorlax|52/100\n|move|p1a: Snorlax|Fissure|p2a: Cerulean Blade|[miss]\n|-miss|p1a: Snorlax|p2a: Cerulean Blade\n|\n|-weather|Snowscape|[upkeep]\n|-heal|p1a: Snorlax|58/100|[from] item: Leftovers\n|upkeep\n|turn|5\n|\n|t:|1776913733\n|move|p2a: Cerulean Blade|Swords Dance|p2a: Cerulean Blade\n|-boost|p2a: Cerulean Blade|atk|2\n|move|p1a: Snorlax|Yawn|p2a: Cerulean Blade\n|-start|p2a: Cerulean Blade|move: Yawn|[of] p1a: Snorlax\n|\n|-weather|none\n|-heal|p1a: Snorlax|64/100|[from] item: Leftovers\n|upkeep\n|turn|6\n|\n|t:|1776913738\n|switch|p2a: Big Eggplant Bee|Beedrill-Mega, L50, M|100/100\n|move|p1a: Snorlax|Rest|p1a: Snorlax\n|-status|p1a: Snorlax|slp|[from] move: Rest\n|-heal|p1a: Snorlax|100/100 slp|[silent]\n|\n|upkeep\n|turn|7\n|\n|t:|1776913741\n|move|p2a: Big Eggplant Bee|Poison Jab|p1a: Snorlax\n|-damage|p1a: Snorlax|57/100 slp\n|cant|p1a: Snorlax|slp\n|move|p1a: Snorlax|Sleep Talk|p1a: Snorlax\n|move|p1a: Snorlax|Rest||[from] move: Sleep Talk|[still]\n|-fail|p1a: Snorlax\n|\n|-heal|p1a: Snorlax|63/100 slp|[from] item: Leftovers\n|upkeep\n|turn|8\n|\n|t:|1776913756\n|move|p2a: Big Eggplant Bee|Poison Jab|p1a: Snorlax\n|-damage|p1a: Snorlax|21/100 slp\n|cant|p1a: Snorlax|slp\n|move|p1a: Snorlax|Sleep Talk|p1a: Snorlax\n|move|p1a: Snorlax|Yawn|p2a: Big Eggplant Bee|[from] move: Sleep Talk\n|-start|p2a: Big Eggplant Bee|move: Yawn|[of] p1a: Snorlax\n|\n|-heal|p1a: Snorlax|27/100 slp|[from] item: Leftovers\n|upkeep\n|turn|9\n|\n|t:|1776913776\n|switch|p1a: Basculegion|Basculegion, L50, M|100/100\n|move|p2a: Big Eggplant Bee|U-turn|p1a: Basculegion\n|-resisted|p1a: Basculegion|1\n|-damage|p1a: Basculegion|69/100\n|\n|t:|1776913780\n|switch|p2a: Vanilla Cream|Vanilluxe, L50, F|100/100|[from] U-turn\n|-weather|Snowscape|[from] ability: Snow Warning|[of] p2a: Vanilla Cream\n|\n|-weather|Snowscape|[upkeep]\n|upkeep\n|turn|10\n|\n|t:|1776913786\n|move|p2a: Vanilla Cream|Freeze-Dry|p1a: Basculegion\n|-supereffective|p1a: Basculegion|1\n|-damage|p1a: Basculegion|0 fnt\n|faint|p1a: Basculegion\n|\n|-weather|Snowscape|[upkeep]\n|upkeep\n|\n|t:|1776913790\n|switch|p1a: Snorlax|Snorlax, L50, M|27/100 slp\n|turn|11\n|\n|t:|1776913793\n|switch|p2a: Big Eggplant Bee|Beedrill-Mega, L50, M|100/100\n|-curestatus|p1a: Snorlax|slp|[msg]\n|move|p1a: Snorlax|Rest|p1a: Snorlax\n|-status|p1a: Snorlax|slp|[from] move: Rest\n|-heal|p1a: Snorlax|100/100 slp|[silent]\n|\n|-weather|Snowscape|[upkeep]\n|upkeep\n|turn|12\n|\n|t:|1776913798\n|move|p2a: Big Eggplant Bee|Poison Jab|p1a: Snorlax\n|-damage|p1a: Snorlax|57/100 slp\n|cant|p1a: Snorlax|slp\n|move|p1a: Snorlax|Sleep Talk|p1a: Snorlax\n|move|p1a: Snorlax|Fissure|p2a: Big Eggplant Bee|[from] move: Sleep Talk|[miss]\n|-miss|p1a: Snorlax|p2a: Big Eggplant Bee\n|\n|-weather|Snowscape|[upkeep]\n|-heal|p1a: Snorlax|63/100 slp|[from] item: Leftovers\n|upkeep\n|turn|13\n|\n|t:|1776913801\n|move|p2a: Big Eggplant Bee|Poison Jab|p1a: Snorlax\n|-damage|p1a: Snorlax|21/100 slp\n|cant|p1a: Snorlax|slp\n|move|p1a: Snorlax|Sleep Talk|p1a: Snorlax\n|move|p1a: Snorlax|Yawn|p2a: Big Eggplant Bee|[from] move: Sleep Talk\n|-start|p2a: Big Eggplant Bee|move: Yawn|[of] p1a: Snorlax\n|\n|-weather|none\n|-heal|p1a: Snorlax|26/100 slp|[from] item: Leftovers\n|upkeep\n|turn|14\n|\n|t:|1776913812\n|move|p2a: Big Eggplant Bee|U-turn|p1a: Snorlax\n|-damage|p1a: Snorlax|0 fnt\n|faint|p1a: Snorlax\n|\n|t:|1776913817\n|switch|p2a: Vanilla Cream|Vanilluxe, L50, F|100/100|[from] U-turn\n|-weather|Snowscape|[from] ability: Snow Warning|[of] p2a: Vanilla Cream\n|\n|-weather|Snowscape|[upkeep]\n|upkeep\n|\n|t:|1776913820\n|switch|p1a: Aerodactyl|Aerodactyl, L50, F|100/100\n|-ability|p1a: Aerodactyl|Pressure\n|turn|15\n|\n|t:|1776913825\n|detailschange|p1a: Aerodactyl|Aerodactyl-Mega, L50, F\n|-mega|p1a: Aerodactyl|Aerodactyl|Aerodactylite\n|move|p1a: Aerodactyl|Dual Wingbeat|p2a: Vanilla Cream\n|-crit|p2a: Vanilla Cream\n|-damage|p2a: Vanilla Cream|61/100\n|-damage|p2a: Vanilla Cream|36/100\n|-hitcount|p2a: Vanilla Cream|2\n|move|p2a: Vanilla Cream|Blizzard|p1a: Aerodactyl\n|-supereffective|p1a: Aerodactyl|1\n|-damage|p1a: Aerodactyl|0 fnt\n|faint|p1a: Aerodactyl\n|\n|win|Teddiurshi\n|raw|bandai_home's rating: 1272 &rarr; <strong>1254</strong><br />(-18 for losing)\n|raw|Teddiurshi's rating: 1378 &rarr; <strong>1392</strong><br />(+14 for winning)\n|l|\u2606bandai_home\n|player|p1|\n|c|\u2606Teddiurshi|In ice cream we trust\n", "uploadtime": 1776913885, "views": 3, "formatid": "gen9championsbssregma", "rating": 1254, "private": 0, "password": null}