{"id": "gen9championsbssregma-2590109108", "format": "[Gen 9 Champions] BSS Reg M-A", "players": ["Elphilomeno", "armandeoxys"], "log": "|j|\u2606Elphilomeno\n|j|\u2606armandeoxys\n|t:|1776787493\n|gametype|singles\n|player|p1|Elphilomeno|volkner|1412\n|player|p2|armandeoxys|1|1499\n|gen|9\n|tier|[Gen 9 Champions] BSS Reg M-A\n|rated|\n|rule|Species Clause: Limit one of each Pok\u00e9mon\n|rule|Item Clause: Limit 1 of each item\n|clearpoke\n|poke|p1|Samurott-Hisui, L50, F|\n|poke|p1|Aegislash, L50, F|\n|poke|p1|Gyarados, L50, F|\n|poke|p1|Volcarona, L50, M|\n|poke|p1|Froslass, L50, F|\n|poke|p1|Rotom-Wash, L50|\n|poke|p2|Meowscarada, L50, M|\n|poke|p2|Skeledirge, L50, F|\n|poke|p2|Scizor, L50, F|\n|poke|p2|Primarina, L50, M|\n|poke|p2|Aegislash, L50, F|\n|poke|p2|Garchomp, L50, M|\n|teampreview|3\n|inactive|Battle timer is ON: inactive players will automatically lose when time's up. (requested by Elphilomeno)\n|\n|t:|1776787517\n|teamsize|p1|3\n|teamsize|p2|3\n|start\n|switch|p1a: Samurott|Samurott-Hisui, L50, F|100/100\n|switch|p2a: Garchomp|Garchomp, L50, M|100/100\n|turn|1\n|\n|t:|1776787522\n|move|p2a: Garchomp|Stealth Rock|p1a: Samurott\n|-sidestart|p1: Elphilomeno|move: Stealth Rock\n|move|p1a: Samurott|Encore|p2a: Garchomp\n|-start|p2a: Garchomp|Encore\n|\n|upkeep\n|turn|2\n|\n|t:|1776787526\n|switch|p2a: Meowscarada|Meowscarada, L50, M|100/100\n|move|p1a: Samurott|Ceaseless Edge|p2a: Meowscarada\n|-resisted|p2a: Meowscarada|1\n|-damage|p2a: Meowscarada|60/100\n|-sidestart|p2: armandeoxys|Spikes\n|\n|upkeep\n|turn|3\n|\n|t:|1776787533\n|move|p2a: Meowscarada|U-turn|p1a: Samurott\n|-start|p2a: Meowscarada|typechange|Bug|[from] ability: Protean\n|-supereffective|p1a: Samurott|1\n|-damage|p1a: Samurott|21/100\n|\n|t:|1776787535\n|switch|p2a: Garchomp|Garchomp, L50, M|100/100|[from] U-turn\n|-damage|p2a: Garchomp|88/100|[from] Spikes\n|move|p1a: Samurott|Razor Shell|p2a: Garchomp\n|-damage|p2a: Garchomp|29/100\n|-damage|p1a: Samurott|9/100|[from] ability: Rough Skin|[of] p2a: Garchomp\n|\n|upkeep\n|turn|4\n|\n|t:|1776787548\n|move|p1a: Samurott|Aqua Jet|p2a: Garchomp\n|-damage|p2a: Garchomp|10/100\n|-damage|p1a: Samurott|0 fnt|[from] ability: Rough Skin|[of] p2a: Garchomp\n|faint|p1a: Samurott\n|move|p2a: Garchomp|Scale Shot|p1: Samurott|[notarget]\n|-fail|p2a: Garchomp\n|\n|upkeep\n|\n|t:|1776787557\n|switch|p1a: Froslass|Froslass, L50, F|100/100\n|-damage|p1a: Froslass|76/100|[from] Stealth Rock\n|turn|5\n|\n|t:|1776787562\n|detailschange|p1a: Froslass|Froslass-Mega, L50, F\n|-mega|p1a: Froslass|Froslass|Froslassite\n|-weather|Snowscape|[from] ability: Snow Warning|[of] p1a: Froslass\n|move|p1a: Froslass|Aurora Veil|p1a: Froslass\n|-sidestart|p1: Elphilomeno|move: Aurora Veil\n|move|p2a: Garchomp|Earthquake|p1a: Froslass\n|-damage|p1a: Froslass|49/100\n|\n|-weather|Snowscape|[upkeep]\n|upkeep\n|turn|6\n|\n|t:|1776787570\n|move|p1a: Froslass|Blizzard|p2a: Garchomp\n|-supereffective|p2a: Garchomp|2\n|-damage|p2a: Garchomp|0 fnt\n|faint|p2a: Garchomp\n|\n|-weather|Snowscape|[upkeep]\n|upkeep\n|\n|t:|1776787576\n|switch|p2a: Aegislash|Aegislash, L50, F|100/100\n|-damage|p2a: Aegislash|89/100|[from] Spikes\n|turn|7\n|\n|t:|1776787580\n|move|p1a: Froslass|Will-O-Wisp|p2a: Aegislash\n|-status|p2a: Aegislash|brn\n|-formechange|p2a: Aegislash|Aegislash-Blade|\n|move|p2a: Aegislash|Poltergeist|p1a: Froslass\n|-activate|p1a: Froslass|move: Poltergeist|Froslassite\n|-supereffective|p1a: Froslass|1\n|-damage|p1a: Froslass|4/100\n|\n|-weather|Snowscape|[upkeep]\n|-damage|p2a: Aegislash|83/100 brn|[from] brn\n|upkeep\n|turn|8\n|\n|t:|1776787594\n|move|p1a: Froslass|Hex|p2a: Aegislash\n|-supereffective|p2a: Aegislash|1\n|-damage|p2a: Aegislash|0 fnt\n|faint|p2a: Aegislash\n|\n|-weather|Snowscape|[upkeep]\n|upkeep\n|\n|t:|1776787596\n|switch|p2a: Meowscarada|Meowscarada, L50, M|60/100\n|-damage|p2a: Meowscarada|48/100|[from] Spikes\n|turn|9\n|\n|t:|1776787602\n|move|p2a: Meowscarada|Knock Off|p1a: Froslass\n|-start|p2a: Meowscarada|typechange|Dark|[from] ability: Protean\n|-supereffective|p1a: Froslass|1\n|-damage|p1a: Froslass|0 fnt\n|faint|p1a: Froslass\n|\n|-weather|none\n|-sideend|p1: Elphilomeno|move: Aurora Veil\n|upkeep\n|\n|t:|1776787609\n|switch|p1a: Aegislash|Aegislash, L50, F|100/100\n|-damage|p1a: Aegislash|95/100|[from] Stealth Rock\n|turn|10\n|\n|t:|1776787613\n|move|p1a: Aegislash|King's Shield|p1a: Aegislash\n|-singleturn|p1a: Aegislash|Protect\n|move|p2a: Meowscarada|Knock Off|p1a: Aegislash\n|-activate|p1a: Aegislash|move: Protect\n|-unboost|p2a: Meowscarada|atk|1\n|\n|upkeep\n|turn|11\n|\n|t:|1776787619\n|move|p2a: Meowscarada|Knock Off|p1a: Aegislash\n|-supereffective|p1a: Aegislash|1\n|-damage|p1a: Aegislash|43/100\n|-enditem|p1a: Aegislash|Spell Tag|[from] move: Knock Off|[of] p2a: Meowscarada\n|-formechange|p1a: Aegislash|Aegislash-Blade|\n|move|p1a: Aegislash|Sacred Sword|p2a: Meowscarada\n|-supereffective|p2a: Meowscarada|1\n|-damage|p2a: Meowscarada|0 fnt\n|faint|p2a: Meowscarada\n|\n|win|Elphilomeno\n|raw|Elphilomeno's rating: 1412 &rarr; <strong>1437</strong><br />(+25 for winning)\n|raw|armandeoxys's rating: 1499 &rarr; <strong>1474</strong><br />(-25 for losing)\n|l|\u2606armandeoxys\n|player|p2|\n|j|\u2606armandeoxys\n|player|p2|armandeoxys|1|\n|l|\u2606armandeoxys\n|player|p2|\n", "uploadtime": 1776787662, "views": 15, "formatid": "gen9championsbssregma", "rating": 1437, "private": 0, "password": null}