{"id": "gen9championsbssregma-2589839532", "format": "[Gen 9 Champions] BSS Reg M-A", "players": ["gorilnx", "wanii"], "log": "|j|\u2606gorilnx\n|j|\u2606wanii\n|t:|1776765873\n|gametype|singles\n|player|p1|gorilnx|dawn-gen4pt|1309\n|player|p2|wanii|n|1194\n|gen|9\n|tier|[Gen 9 Champions] BSS Reg M-A\n|rated|\n|rule|Species Clause: Limit one of each Pok\u00e9mon\n|rule|Item Clause: Limit 1 of each item\n|clearpoke\n|poke|p1|Kangaskhan, L50, F|\n|poke|p1|Corviknight, L50, F|\n|poke|p1|Basculegion, L50, M|\n|poke|p1|Primarina, L50, F|\n|poke|p1|Gengar, L50, M|\n|poke|p1|Garchomp, L50, F|\n|poke|p2|Greninja, L50, F, shiny|\n|poke|p2|Hippowdon, L50, M|\n|poke|p2|Rotom-Mow, L50|\n|poke|p2|Tyranitar, L50, M|\n|poke|p2|Aegislash, L50, F|\n|poke|p2|Archaludon, L50, M|\n|teampreview|3\n|inactive|Battle timer is ON: inactive players will automatically lose when time's up. (requested by wanii)\n|inactive|gorilnx has 60 seconds left.\n|inactive|wanii has 60 seconds left.\n|\n|t:|1776765933\n|teamsize|p1|3\n|teamsize|p2|3\n|start\n|switch|p1a: Primarina|Primarina, L50, F|100/100\n|switch|p2a: Greninja|Greninja, L50, F, shiny|100/100\n|turn|1\n|\n|t:|1776765956\n|switch|p2a: Rotom|Rotom-Mow, L50|100/100\n|move|p1a: Primarina|Sparkling Aria|p2a: Rotom\n|-resisted|p2a: Rotom|1\n|-damage|p2a: Rotom|76/100\n|\n|upkeep\n|turn|2\n|\n|t:|1776765967\n|switch|p1a: Kangaskhan|Kangaskhan, L50, F|100/100\n|move|p2a: Rotom|Nasty Plot|p2a: Rotom\n|-boost|p2a: Rotom|spa|2\n|\n|upkeep\n|turn|3\n|\n|t:|1776765983\n|detailschange|p1a: Kangaskhan|Kangaskhan-Mega, L50, F\n|-mega|p1a: Kangaskhan|Kangaskhan|Kangaskhanite\n|move|p1a: Kangaskhan|Fake Out|p2a: Rotom\n|-damage|p2a: Rotom|58/100\n|-damage|p2a: Rotom|55/100\n|-hitcount|p2a: Rotom|2\n|cant|p2a: Rotom|flinch\n|\n|upkeep\n|turn|4\n|\n|t:|1776765994\n|move|p1a: Kangaskhan|Ice Punch|p2a: Rotom\n|-supereffective|p2a: Rotom|1\n|-damage|p2a: Rotom|11/100\n|-enditem|p2a: Rotom|Sitrus Berry|[eat]\n|-heal|p2a: Rotom|36/100|[from] item: Sitrus Berry\n|-supereffective|p2a: Rotom|1\n|-damage|p2a: Rotom|26/100\n|-hitcount|p2a: Rotom|2\n|move|p2a: Rotom|Leaf Storm|p1a: Kangaskhan\n|-damage|p1a: Kangaskhan|14/100\n|-unboost|p2a: Rotom|spa|2\n|\n|upkeep\n|turn|5\n|\n|t:|1776766011\n|move|p1a: Kangaskhan|Ice Punch|p2a: Rotom\n|-supereffective|p2a: Rotom|1\n|-damage|p2a: Rotom|0 fnt\n|faint|p2a: Rotom\n|-hitcount|p2: Rotom|1\n|\n|upkeep\n|\n|t:|1776766013\n|switch|p2a: Greninja|Greninja, L50, F, shiny|100/100\n|turn|6\n|\n|t:|1776766024\n|switch|p1a: Primarina|Primarina, L50, F|100/100\n|move|p2a: Greninja|Surf|p1a: Primarina\n|-start|p2a: Greninja|typechange|Water|[from] ability: Protean\n|-resisted|p1a: Primarina|1\n|-damage|p1a: Primarina|85/100\n|\n|upkeep\n|turn|7\n|inactive|wanii has 30 seconds left.\n|\n|t:|1776766049\n|switch|p2a: Aegislash|Aegislash, L50, F|100/100\n|move|p1a: Primarina|Moonblast|p2a: Aegislash\n|-resisted|p2a: Aegislash|1\n|-damage|p2a: Aegislash|79/100\n|\n|upkeep\n|turn|8\n|inactive|gorilnx has 30 seconds left.\n|inactive|gorilnx has 20 seconds left.\n|inactive|gorilnx has 15 seconds left.\n|\n|t:|1776766091\n|-formechange|p2a: Aegislash|Aegislash-Blade|\n|move|p2a: Aegislash|Close Combat|p1a: Primarina\n|-resisted|p1a: Primarina|1\n|-damage|p1a: Primarina|55/100\n|-unboost|p2a: Aegislash|def|1\n|-unboost|p2a: Aegislash|spd|1\n|move|p1a: Primarina|Sparkling Aria|p2a: Aegislash\n|-damage|p2a: Aegislash|0 fnt\n|faint|p2a: Aegislash\n|\n|upkeep\n|\n|t:|1776766099\n|switch|p2a: Greninja|Greninja, L50, F, shiny|100/100\n|turn|9\n|\n|t:|1776766108\n|detailschange|p2a: Greninja|Greninja-Mega, L50, F, shiny\n|-mega|p2a: Greninja|Greninja|Greninjite\n|move|p2a: Greninja|Ice Beam|p1a: Primarina\n|-start|p2a: Greninja|typechange|Ice|[from] ability: Protean\n|-resisted|p1a: Primarina|1\n|-damage|p1a: Primarina|35/100\n|-enditem|p1a: Primarina|Sitrus Berry|[eat]\n|-heal|p1a: Primarina|60/100|[from] item: Sitrus Berry\n|move|p1a: Primarina|Perish Song|p1a: Primarina\n|-start|p1a: Primarina|perish3|[silent]\n|-start|p2a: Greninja|perish3|[silent]\n|-fieldactivate|move: Perish Song\n|\n|-start|p2a: Greninja|perish3\n|-start|p1a: Primarina|perish3\n|upkeep\n|turn|10\n|-message|wanii forfeited.\n|\n|win|gorilnx\n|raw|gorilnx's rating: 1309 &rarr; <strong>1323</strong><br />(+14 for winning)\n|raw|wanii's rating: 1194 &rarr; <strong>1177</strong><br />(-17 for losing)\n|l|\u2606wanii\n|player|p2|\n", "uploadtime": 1776766131, "views": 2, "formatid": "gen9championsbssregma", "rating": 1177, "private": 0, "password": null}