{"id": "gen9championsbssregma-2594420127", "format": "[Gen 9 Champions] BSS Reg M-A", "players": ["driflount drifloon", "Oshawottpoke"], "log": "|j|\u2606driflount drifloon\n|j|\u2606Oshawottpoke\n|t:|1777195128\n|gametype|singles\n|player|p1|driflount drifloon|brock|1238\n|player|p2|Oshawottpoke|266|1357\n|gen|9\n|tier|[Gen 9 Champions] BSS Reg M-A\n|rated|\n|rule|Species Clause: Limit one of each Pok\u00e9mon\n|rule|Item Clause: Limit 1 of each item\n|clearpoke\n|poke|p1|Espathra, L50, M|\n|poke|p1|Glimmora, L50, M|\n|poke|p1|Slowbro, L50, F|\n|poke|p1|Clefable, L50, F|\n|poke|p1|Corviknight, L50, M|\n|poke|p1|Incineroar, L50, M|\n|poke|p2|Garchomp, L50, F|\n|poke|p2|Floette-Eternal, L50, F|\n|poke|p2|Gengar, L50, F|\n|poke|p2|Corviknight, L50, M|\n|poke|p2|Aegislash, L50, F|\n|poke|p2|Primarina, L50, M|\n|teampreview|3\n|inactive|Battle timer is ON: inactive players will automatically lose when time's up. (requested by driflount drifloon)\n|inactive|Oshawottpoke has 60 seconds left.\n|inactive|Oshawottpoke has 30 seconds left.\n|inactive|Oshawottpoke has 20 seconds left.\n|inactive|Oshawottpoke has 15 seconds left.\n|inactive|Oshawottpoke has 10 seconds left.\n|inactive|Oshawottpoke has 5 seconds left.\n|\n|t:|1777195218\n|teamsize|p1|3\n|teamsize|p2|3\n|start\n|switch|p1a: Espathra|Espathra, L50, M|100/100\n|switch|p2a: \ub204|Primarina, L50, M|100/100\n|turn|1\n|\n|t:|1777195230\n|move|p1a: Espathra|Calm Mind|p1a: Espathra\n|-boost|p1a: Espathra|spa|1\n|-boost|p1a: Espathra|spd|1\n|move|p2a: \ub204|Moonblast|p1a: Espathra\n|-damage|p1a: Espathra|65/100\n|\n|-ability|p1a: Espathra|Speed Boost|boost\n|-boost|p1a: Espathra|spe|1\n|upkeep\n|turn|2\n|\n|t:|1777195238\n|move|p1a: Espathra|Lumina Crash|p2a: \ub204\n|-damage|p2a: \ub204|61/100\n|-unboost|p2a: \ub204|spd|2\n|move|p2a: \ub204|Encore|p1a: Espathra\n|-start|p1a: Espathra|Encore\n|\n|-heal|p2a: \ub204|67/100|[from] item: Leftovers\n|-ability|p1a: Espathra|Speed Boost|boost\n|-boost|p1a: Espathra|spe|1\n|upkeep\n|turn|3\n|\n|t:|1777195247\n|switch|p2a: \ud0ac|Aegislash, L50, F|100/100\n|move|p1a: Espathra|Lumina Crash|p2a: \ud0ac\n|-resisted|p2a: \ud0ac|1\n|-damage|p2a: \ud0ac|82/100\n|-unboost|p2a: \ud0ac|spd|2\n|\n|-ability|p1a: Espathra|Speed Boost|boost\n|-boost|p1a: Espathra|spe|1\n|upkeep\n|turn|4\n|inactive|Oshawottpoke has 30 seconds left.\n|\n|t:|1777195274\n|move|p1a: Espathra|Lumina Crash|p2a: \ud0ac\n|-resisted|p2a: \ud0ac|1\n|-damage|p2a: \ud0ac|50/100g\n|-unboost|p2a: \ud0ac|spd|2\n|move|p2a: \ud0ac|Swords Dance|p2a: \ud0ac\n|-boost|p2a: \ud0ac|atk|2\n|\n|-ability|p1a: Espathra|Speed Boost|boost\n|-boost|p1a: Espathra|spe|1\n|upkeep\n|turn|5\n|\n|t:|1777195288\n|-formechange|p2a: \ud0ac|Aegislash-Blade|\n|move|p2a: \ud0ac|Shadow Sneak|p1a: Espathra\n|-supereffective|p1a: Espathra|1\n|-damage|p1a: Espathra|0 fnt\n|faint|p1a: Espathra\n|\n|upkeep\n|\n|t:|1777195294\n|switch|p1a: Clefable|Clefable, L50, F|100/100\n|turn|6\n|\n|t:|1777195310\n|switch|p2a: \ud32c|Gengar, L50, F|100/100\n|detailschange|p1a: Clefable|Clefable-Mega, L50, F\n|-mega|p1a: Clefable|Clefable|Clefablite\n|move|p1a: Clefable|Encore||[still]\n|-fail|p1a: Clefable\n|\n|upkeep\n|turn|7\n|\n|t:|1777195332\n|switch|p1a: Corviknight|Corviknight, L50, M|100/100\n|-ability|p1a: Corviknight|Pressure\n|detailschange|p2a: \ud32c|Gengar-Mega, L50, F\n|-mega|p2a: \ud32c|Gengar|Gengarite\n|move|p2a: \ud32c|Sludge Wave|p1a: Corviknight\n|-immune|p1a: Corviknight\n|\n|upkeep\n|turn|8\n|\n|t:|1777195342\n|move|p2a: \ud32c|Nasty Plot|p2a: \ud32c\n|-boost|p2a: \ud32c|spa|2\n|move|p1a: Corviknight|Bulk Up|p1a: Corviknight\n|-boost|p1a: Corviknight|atk|1\n|-boost|p1a: Corviknight|def|1\n|\n|upkeep\n|turn|9\n|\n|t:|1777195348\n|move|p2a: \ud32c|Shadow Ball|p1a: Corviknight\n|-damage|p1a: Corviknight|19/100\n|move|p1a: Corviknight|Power Trip|p2a: \ud32c\n|-supereffective|p2a: \ud32c|1\n|-damage|p2a: \ud32c|39/100\n|\n|-heal|p1a: Corviknight|24/100|[from] item: Leftovers\n|upkeep\n|turn|10\n|-message|driflount drifloon forfeited.\n|\n|win|Oshawottpoke\n|raw|driflount drifloon's rating: 1238 &rarr; <strong>1221</strong><br />(-17 for losing)\n|raw|Oshawottpoke's rating: 1357 &rarr; <strong>1370</strong><br />(+13 for winning)\n|l|\u2606Oshawottpoke\n|player|p2|\n", "uploadtime": 1777195363, "views": 8, "formatid": "gen9championsbssregma", "rating": 1221, "private": 0, "password": null}