{"id": "gen9championsbssregma-2590514241", "format": "[Gen 9 Champions] BSS Reg M-A", "players": ["bromerta", "SpankDaddyRecords"], "log": "|j|\u2606bromerta\n|j|\u2606SpankDaddyRecords\n|t:|1776816794\n|gametype|singles\n|player|p1|bromerta|unknown|1195\n|player|p2|SpankDaddyRecords|265|1255\n|gen|9\n|tier|[Gen 9 Champions] BSS Reg M-A\n|rated|\n|rule|Species Clause: Limit one of each Pok\u00e9mon\n|rule|Item Clause: Limit 1 of each item\n|clearpoke\n|poke|p1|Gengar, L50, M, shiny|\n|poke|p1|Meowscarada, L50, F, shiny|\n|poke|p1|Corviknight, L50, M, shiny|\n|poke|p1|Garchomp, L50, M|\n|poke|p1|Primarina, L50, F, shiny|\n|poke|p1|Lopunny, L50, F, shiny|\n|poke|p2|Delphox, L50, M|\n|poke|p2|Greninja, L50, M, shiny|\n|poke|p2|Clefable, L50, F|\n|poke|p2|Scizor, L50, F, shiny|\n|poke|p2|Corviknight, L50, F|\n|poke|p2|Dragapult, L50, F|\n|teampreview|3\n|inactive|Battle timer is ON: inactive players will automatically lose when time's up. (requested by SpankDaddyRecords)\n|inactive|bromerta has 60 seconds left.\n|inactive|SpankDaddyRecords has 60 seconds left.\n|\n|t:|1776816844\n|teamsize|p1|3\n|teamsize|p2|3\n|start\n|switch|p1a: Primarina|Primarina, L50, F, shiny|100/100\n|switch|p2a: Dragapult|Dragapult, L50, F|100/100\n|turn|1\n|\n|t:|1776816855\n|move|p2a: Dragapult|Double Team|p2a: Dragapult\n|-boost|p2a: Dragapult|evasion|1\n|move|p1a: Primarina|Sparkling Aria|p2a: Dragapult\n|-resisted|p2a: Dragapult|1\n|-damage|p2a: Dragapult|73/100\n|\n|upkeep\n|turn|2\n|\n|t:|1776816866\n|move|p2a: Dragapult|Baton Pass|p2a: Dragapult\n|\n|t:|1776816867\n|switch|p2a: Corviknight|Corviknight, L50, F|100/100|[from] Baton Pass\n|move|p1a: Primarina|Moonblast|p2a: Corviknight\n|-resisted|p2a: Corviknight|1\n|-crit|p2a: Corviknight\n|-damage|p2a: Corviknight|64/100\n|\n|upkeep\n|turn|3\n|\n|t:|1776816873\n|move|p2a: Corviknight|Iron Defense|p2a: Corviknight\n|-boost|p2a: Corviknight|def|2\n|move|p1a: Primarina|Sparkling Aria|p2a: Corviknight\n|-damage|p2a: Corviknight|18/100\n|-enditem|p2a: Corviknight|Sitrus Berry|[eat]\n|-heal|p2a: Corviknight|43/100|[from] item: Sitrus Berry\n|\n|upkeep\n|turn|4\n|j| Makrae\n|\n|t:|1776816880\n|move|p2a: Corviknight|Roost|p2a: Corviknight\n|-heal|p2a: Corviknight|93/100\n|-singleturn|p2a: Corviknight|move: Roost\n|move|p1a: Primarina|Sparkling Aria|p2a: Corviknight|[miss]\n|-miss|p1a: Primarina|p2a: Corviknight\n|\n|upkeep\n|turn|5\n|c|\u2606SpankDaddyRecords|Why\u2019d it think a resisted fairy move did that much\n|\n|t:|1776816896\n|move|p2a: Corviknight|Iron Head|p1a: Primarina\n|-crit|p1a: Primarina\n|-damage|p1a: Primarina|57/100\n|move|p1a: Primarina|Sparkling Aria|p2a: Corviknight\n|-damage|p2a: Corviknight|44/100\n|\n|upkeep\n|turn|6\n|\n|t:|1776816903\n|move|p2a: Corviknight|Roost|p2a: Corviknight\n|-heal|p2a: Corviknight|95/100\n|-singleturn|p2a: Corviknight|move: Roost\n|move|p1a: Primarina|Sparkling Aria|p2a: Corviknight\n|-damage|p2a: Corviknight|45/100\n|\n|upkeep\n|turn|7\n|\n|t:|1776816909\n|move|p2a: Corviknight|Roost|p2a: Corviknight\n|-heal|p2a: Corviknight|95/100\n|-singleturn|p2a: Corviknight|move: Roost\n|move|p1a: Primarina|Sparkling Aria|p2a: Corviknight\n|-damage|p2a: Corviknight|49/100\n|\n|upkeep\n|turn|8\n|\n|t:|1776816916\n|move|p2a: Corviknight|Roost|p2a: Corviknight\n|-heal|p2a: Corviknight|99/100\n|-singleturn|p2a: Corviknight|move: Roost\n|move|p1a: Primarina|Sparkling Aria|p2a: Corviknight\n|-damage|p2a: Corviknight|50/100\n|\n|upkeep\n|turn|9\n|\n|t:|1776816919\n|move|p2a: Corviknight|Roost|p2a: Corviknight\n|-heal|p2a: Corviknight|99/100\n|-singleturn|p2a: Corviknight|move: Roost\n|move|p1a: Primarina|Sparkling Aria|p2a: Corviknight\n|-damage|p2a: Corviknight|52/100\n|\n|upkeep\n|turn|10\n|\n|t:|1776816925\n|move|p2a: Corviknight|Roost|p2a: Corviknight\n|-heal|p2a: Corviknight|100/100\n|-singleturn|p2a: Corviknight|move: Roost\n|move|p1a: Primarina|Sparkling Aria|p2a: Corviknight\n|-damage|p2a: Corviknight|47/100\n|\n|upkeep\n|turn|11\n|\n|t:|1776816927\n|move|p2a: Corviknight|Roost|p2a: Corviknight\n|-heal|p2a: Corviknight|98/100\n|-singleturn|p2a: Corviknight|move: Roost\n|move|p1a: Primarina|Sparkling Aria|p2a: Corviknight\n|-damage|p2a: Corviknight|50/100\n|\n|upkeep\n|turn|12\n|c|\u2606SpankDaddyRecords|Waiting for math to apply\n|\n|t:|1776816936\n|move|p2a: Corviknight|Roost|p2a: Corviknight\n|-heal|p2a: Corviknight|100/100\n|-singleturn|p2a: Corviknight|move: Roost\n|move|p1a: Primarina|Sparkling Aria|p2a: Corviknight\n|-damage|p2a: Corviknight|55/100\n|\n|upkeep\n|turn|13\n|\n|t:|1776816944\n|move|p2a: Corviknight|Iron Head|p1a: Primarina\n|-damage|p1a: Primarina|26/100\n|-enditem|p1a: Primarina|Sitrus Berry|[eat]\n|-heal|p1a: Primarina|50/100|[from] item: Sitrus Berry\n|move|p1a: Primarina|Sparkling Aria|p2a: Corviknight\n|-damage|p2a: Corviknight|3/100\n|\n|upkeep\n|turn|14\n|c|\u2606SpankDaddyRecords|Math delete hacks\n|\n|t:|1776816952\n|move|p1a: Primarina|Aqua Jet|p2a: Corviknight|[miss]\n|-miss|p1a: Primarina|p2a: Corviknight\n|move|p2a: Corviknight|Iron Head|p1a: Primarina\n|-damage|p1a: Primarina|21/100\n|\n|upkeep\n|turn|15\n|c|\u2606SpankDaddyRecords|sick\n|\n|t:|1776816958\n|move|p1a: Primarina|Aqua Jet|p2a: Corviknight\n|-damage|p2a: Corviknight|0 fnt\n|faint|p2a: Corviknight\n|\n|upkeep\n|\n|t:|1776816960\n|switch|p2a: Dragapult|Dragapult, L50, F|73/100\n|turn|16\n|\n|t:|1776816962\n|move|p1a: Primarina|Aqua Jet|p2a: Dragapult\n|-resisted|p2a: Dragapult|1\n|-damage|p2a: Dragapult|66/100\n|move|p2a: Dragapult|Double Team|p2a: Dragapult\n|-boost|p2a: Dragapult|evasion|1\n|\n|upkeep\n|turn|17\n|j| tlobg\n|\n|t:|1776816970\n|move|p2a: Dragapult|Substitute|p2a: Dragapult\n|-start|p2a: Dragapult|Substitute\n|-damage|p2a: Dragapult|41/100\n|move|p1a: Primarina|Moonblast|p2a: Dragapult\n|-supereffective|p2a: Dragapult|1\n|-end|p2a: Dragapult|Substitute\n|\n|upkeep\n|turn|18\n|\n|t:|1776816977\n|move|p2a: Dragapult|Substitute|p2a: Dragapult\n|-start|p2a: Dragapult|Substitute\n|-damage|p2a: Dragapult|16/100\n|move|p1a: Primarina|Moonblast|p2a: Dragapult|[miss]\n|-miss|p1a: Primarina|p2a: Dragapult\n|\n|upkeep\n|turn|19\n|\n|t:|1776816981\n|move|p2a: Dragapult|Baton Pass|p2a: Dragapult\n|\n|t:|1776816982\n|switch|p2a: Delphox|Delphox, L50, M|100/100|[from] Baton Pass\n|move|p1a: Primarina|Moonblast|p2a: Delphox\n|-resisted|p2a: Delphox|1\n|-activate|p2a: Delphox|move: Substitute|[damage]\n|\n|upkeep\n|turn|20\n|\n|t:|1776816990\n|detailschange|p2a: Delphox|Delphox-Mega, L50, M\n|-mega|p2a: Delphox|Delphox|Delphoxite\n|move|p1a: Primarina|Aqua Jet|p2a: Delphox\n|-supereffective|p2a: Delphox|1\n|-end|p2a: Delphox|Substitute\n|move|p2a: Delphox|Psychic Noise|p1a: Primarina\n|-damage|p1a: Primarina|0 fnt\n|faint|p1a: Primarina\n|\n|upkeep\n|c|\u2606SpankDaddyRecords|Glitch\n|\n|t:|1776817001\n|switch|p1a: Gengar|Gengar, L50, M, shiny|100/100\n|turn|21\n|c|\u2606SpankDaddyRecords|Prim has no use for attack so my sub is still up\n|\n|t:|1776817016\n|detailschange|p1a: Gengar|Gengar-Mega, L50, M, shiny\n|-mega|p1a: Gengar|Gengar|Gengarite\n|move|p2a: Delphox|Psychic Noise|p1a: Gengar\n|-supereffective|p1a: Gengar|1\n|-damage|p1a: Gengar|0 fnt\n|faint|p1a: Gengar\n|\n|upkeep\n|\n|t:|1776817021\n|switch|p1a: Meowscarada|Meowscarada, L50, F, shiny|100/100\n|turn|22\n|\n|t:|1776817024\n|move|p1a: Meowscarada|Knock Off|p2a: Delphox\n|-start|p1a: Meowscarada|typechange|Dark|[from] ability: Protean\n|-supereffective|p2a: Delphox|1\n|-damage|p2a: Delphox|0 fnt\n|faint|p2a: Delphox\n|\n|upkeep\n|c|\u2606SpankDaddyRecords|Lmfao\n|c|\u2606SpankDaddyRecords|base 123\n|c|\u2606SpankDaddyRecords|Vs base 136\n|c|\u2606SpankDaddyRecords|Speed hack\n|\n|t:|1776817043\n|switch|p2a: Dragapult|Dragapult, L50, F|16/100\n|turn|23\n|\n|t:|1776817046\n|move|p1a: Meowscarada|Knock Off|p2a: Dragapult\n|-supereffective|p2a: Dragapult|1\n|-damage|p2a: Dragapult|0 fnt\n|-enditem|p2a: Dragapult|Bright Powder|[from] move: Knock Off|[of] p1a: Meowscarada\n|faint|p2a: Dragapult\n|\n|win|bromerta\n|raw|bromerta's rating: 1195 &rarr; <strong>1224</strong><br />(+29 for winning)\n|raw|SpankDaddyRecords's rating: 1255 &rarr; <strong>1226</strong><br />(-29 for losing)\n|c|\u2606SpankDaddyRecords|Imagine thinking you outspeed\n|l| Makrae\n|l| tlobg\n|c|\u2606bromerta|:)\n|c|\u2606SpankDaddyRecords|Or even worse putting a scarf on a 123 speed mob xD\n|c|\u2606SpankDaddyRecords|So gad\n|c|\u2606SpankDaddyRecords|so bad\n|c|\u2606bromerta|Cry about it\n|c|\u2606SpankDaddyRecords|That\u2019s like putting a band on a Blissey\n|c|\u2606bromerta|Scarf is Meow's most used item, look it up\n|c|\u2606bromerta|I'll wait\n|c|\u2606SpankDaddyRecords|So most people are stupid af\n|c|\u2606bromerta|Or just you\n|c|\u2606SpankDaddyRecords|What\u2019s your point?\n|c|\u2606bromerta|Considering you lost to it\n|c|\u2606SpankDaddyRecords|I lost to bad math\n|c|\u2606SpankDaddyRecords|not to a scaef\n|c|\u2606bromerta|You sure did, get better at it\n", "uploadtime": 1776817131, "views": 10, "formatid": "gen9championsbssregma", "rating": 1224, "private": 0, "password": null}