{"id": "gen9championsbssregma-2589663598", "format": "[Gen 9 Champions] BSS Reg M-A", "players": ["coldcandy", "Dandin11"], "log": "|j|\u2606coldcandy\n|j|\u2606Dandin11\n|t:|1776744509\n|gametype|singles\n|player|p1|coldcandy|swimmerf|1380\n|player|p2|Dandin11|102|1357\n|gen|9\n|tier|[Gen 9 Champions] BSS Reg M-A\n|rated|\n|rule|Species Clause: Limit one of each Pok\u00e9mon\n|rule|Item Clause: Limit 1 of each item\n|clearpoke\n|poke|p1|Greninja, L50, F, shiny|\n|poke|p1|Kangaskhan, L50, F, shiny|\n|poke|p1|Charizard, L50, M|\n|poke|p1|Gyarados, L50, M, shiny|\n|poke|p1|Mimikyu, L50, M, shiny|\n|poke|p1|Aegislash, L50, M, shiny|\n|poke|p2|Greninja, L50, M, shiny|\n|poke|p2|Meowscarada, L50, M, shiny|\n|poke|p2|Delphox, L50, M, shiny|\n|poke|p2|Primarina, L50, F, shiny|\n|poke|p2|Kleavor, L50, M, shiny|\n|poke|p2|Archaludon, L50, F, shiny|\n|teampreview|3\n|inactive|Battle timer is ON: inactive players will automatically lose when time's up. (requested by coldcandy)\n|inactive|Dandin11 has 60 seconds left.\n|j| p74\n|\n|t:|1776744565\n|teamsize|p1|3\n|teamsize|p2|3\n|start\n|switch|p1a: Greninja|Greninja, L50, F, shiny|100/100\n|switch|p2a: Kleavor|Kleavor, L50, M, shiny|100/100\n|turn|1\n|\n|t:|1776744574\n|move|p1a: Greninja|Surf|p2a: Kleavor\n|-supereffective|p2a: Kleavor|1\n|-enditem|p2a: Kleavor|Focus Sash\n|-damage|p2a: Kleavor|1/100\n|move|p2a: Kleavor|Stone Axe|p1a: Greninja|[miss]\n|-miss|p2a: Kleavor|p1a: Greninja\n|\n|upkeep\n|turn|2\n|\n|t:|1776744588\n|move|p2a: Kleavor|Quick Attack|p1a: Greninja\n|-damage|p1a: Greninja|76/100\n|move|p1a: Greninja|Surf|p2a: Kleavor\n|-supereffective|p2a: Kleavor|1\n|-damage|p2a: Kleavor|0 fnt\n|faint|p2a: Kleavor\n|\n|upkeep\n|\n|t:|1776744595\n|switch|p2a: Greninja|Greninja, L50, M, shiny|100/100\n|turn|3\n|\n|t:|1776744612\n|move|p2a: Greninja|Sludge Wave|p1a: Greninja\n|-start|p2a: Greninja|typechange|Poison|[from] ability: Protean\n|-damage|p1a: Greninja|5/100\n|move|p1a: Greninja|Dark Pulse|p2a: Greninja\n|-damage|p2a: Greninja|33/100\n|\n|upkeep\n|turn|4\n|\n|t:|1776744623\n|move|p2a: Greninja|Dark Pulse|p1a: Greninja\n|-resisted|p1a: Greninja|1\n|-damage|p1a: Greninja|0 fnt\n|faint|p1a: Greninja\n|\n|upkeep\n|\n|t:|1776744626\n|switch|p1a: Mimikyu|Mimikyu, L50, M, shiny|100/100\n|turn|5\n|\n|t:|1776744633\n|detailschange|p2a: Greninja|Greninja-Mega, L50, M, shiny\n|-mega|p2a: Greninja|Greninja|Greninjite\n|move|p2a: Greninja|Sludge Wave|p1a: Mimikyu\n|-start|p2a: Greninja|typechange|Poison|[from] ability: Protean\n|-activate|p1a: Mimikyu|ability: Disguise\n|-damage|p1a: Mimikyu|100/100\n|detailschange|p1a: Mimikyu|Mimikyu-Busted, L50, M, shiny\n|-damage|p1a: Mimikyu|89/100|[from] pokemon: Mimikyu-Busted\n|move|p1a: Mimikyu|Swords Dance|p1a: Mimikyu\n|-boost|p1a: Mimikyu|atk|2\n|\n|upkeep\n|turn|6\n|\n|t:|1776744646\n|switch|p2a: Archaludon|Archaludon, L50, F, shiny|100/100\n|move|p1a: Mimikyu|Shadow Sneak|p2a: Archaludon\n|-damage|p2a: Archaludon|76/100\n|-ability|p2a: Archaludon|Stamina|boost\n|-boost|p2a: Archaludon|def|1\n|\n|upkeep\n|turn|7\n|\n|t:|1776744654\n|move|p1a: Mimikyu|Drain Punch|p2a: Archaludon\n|-supereffective|p2a: Archaludon|1\n|-damage|p2a: Archaludon|30/100\n|-heal|p1a: Mimikyu|100/100|[from] drain|[of] p2a: Archaludon\n|-ability|p2a: Archaludon|Stamina|boost\n|-boost|p2a: Archaludon|def|1\n|move|p2a: Archaludon|Flash Cannon|p1a: Mimikyu\n|-supereffective|p1a: Mimikyu|1\n|-damage|p1a: Mimikyu|20/100\n|\n|upkeep\n|turn|8\n|\n|t:|1776744664\n|move|p1a: Mimikyu|Drain Punch|p2a: Archaludon\n|-supereffective|p2a: Archaludon|1\n|-damage|p2a: Archaludon|1/100\n|-heal|p1a: Mimikyu|38/100|[from] drain|[of] p2a: Archaludon\n|-ability|p2a: Archaludon|Stamina|boost\n|-boost|p2a: Archaludon|def|1\n|move|p2a: Archaludon|Flash Cannon|p1a: Mimikyu\n|-supereffective|p1a: Mimikyu|1\n|-damage|p1a: Mimikyu|0 fnt\n|faint|p1a: Mimikyu\n|\n|upkeep\n|\n|t:|1776744672\n|switch|p1a: Kangaskhan|Kangaskhan, L50, F, shiny|100/100\n|turn|9\n|\n|t:|1776744676\n|detailschange|p1a: Kangaskhan|Kangaskhan-Mega, L50, F, shiny\n|-mega|p1a: Kangaskhan|Kangaskhan|Kangaskhanite\n|move|p1a: Kangaskhan|Earthquake|p2a: Archaludon\n|-supereffective|p2a: Archaludon|1\n|-damage|p2a: Archaludon|0 fnt\n|faint|p2a: Archaludon\n|-hitcount|p2: Archaludon|1\n|\n|upkeep\n|\n|t:|1776744682\n|switch|p2a: Greninja|Greninja-Mega, L50, M, shiny|33/100\n|turn|10\n|\n|t:|1776744689\n|move|p2a: Greninja|Dark Pulse|p1a: Kangaskhan\n|-start|p2a: Greninja|typechange|Dark|[from] ability: Protean\n|-damage|p1a: Kangaskhan|55/100\n|move|p1a: Kangaskhan|Earthquake|p2a: Greninja\n|-damage|p2a: Greninja|0 fnt\n|faint|p2a: Greninja\n|-hitcount|p2: Greninja|1\n|\n|win|coldcandy\n|raw|coldcandy's rating: 1380 &rarr; <strong>1399</strong><br />(+19 for winning)\n|raw|Dandin11's rating: 1357 &rarr; <strong>1338</strong><br />(-19 for losing)\n|l|\u2606coldcandy\n|player|p1|\n|l|\u2606Dandin11\n|player|p2|\n", "uploadtime": 1776744764, "views": 0, "formatid": "gen9championsbssregma", "rating": 1338, "private": 0, "password": null}