{"id": "gen9championsbssregma-2590388039", "format": "[Gen 9 Champions] BSS Reg M-A", "players": ["grg360", "marugod97"], "log": "|j|\u2606grg360\n|j|\u2606marugod97\n|t:|1776805784\n|gametype|singles\n|player|p1|grg360|red|1147\n|player|p2|marugod97|gambler|1068\n|gen|9\n|tier|[Gen 9 Champions] BSS Reg M-A\n|rated|\n|rule|Species Clause: Limit one of each Pok\u00e9mon\n|rule|Item Clause: Limit 1 of each item\n|clearpoke\n|poke|p1|Meganium, L50, F|\n|poke|p1|Garchomp, L50, M|\n|poke|p1|Armarouge, L50, F|\n|poke|p1|Gengar, L50, F|\n|poke|p1|Tinkaton, L50, F|\n|poke|p1|Palafin, L50, M|\n|poke|p2|Charizard, L50, F|\n|poke|p2|Gardevoir, L50, F|\n|poke|p2|Raichu, L50, F|\n|poke|p2|Greninja, L50, F|\n|poke|p2|Venusaur, L50, F|\n|poke|p2|Garchomp, L50, F|\n|teampreview|3\n|\n|t:|1776805801\n|teamsize|p1|3\n|teamsize|p2|3\n|start\n|switch|p1a: Meganium|Meganium, L50, F|100/100\n|switch|p2a: Raichu|Raichu, L50, F|100/100\n|turn|1\n|inactive|Battle timer is ON: inactive players will automatically lose when time's up. (requested by marugod97)\n|\n|t:|1776805810\n|detailschange|p1a: Meganium|Meganium-Mega, L50, F\n|-mega|p1a: Meganium|Meganium|Meganiumite\n|move|p2a: Raichu|Light Screen|p2a: Raichu\n|-sidestart|p2: marugod97|move: Light Screen\n|move|p1a: Meganium|Solar Beam||[still]\n|-prepare|p1a: Meganium|Solar Beam\n|-activate|p1a: Meganium|ability: Mega Sol\n|-anim|p1a: Meganium|Solar Beam|p2a: Raichu\n|-damage|p2a: Raichu|58/100\n|\n|upkeep\n|turn|2\n|\n|t:|1776805821\n|move|p2a: Raichu|Nuzzle|p1a: Meganium\n|-resisted|p1a: Meganium|1\n|-damage|p1a: Meganium|97/100\n|-status|p1a: Meganium|par\n|move|p1a: Meganium|Solar Beam||[still]\n|-prepare|p1a: Meganium|Solar Beam\n|-activate|p1a: Meganium|ability: Mega Sol\n|-anim|p1a: Meganium|Solar Beam|p2a: Raichu\n|-damage|p2a: Raichu|17/100\n|\n|upkeep\n|turn|3\n|\n|t:|1776805831\n|move|p2a: Raichu|Volt Switch|p1a: Meganium\n|-resisted|p1a: Meganium|1\n|-crit|p1a: Meganium\n|-damage|p1a: Meganium|79/100 par\n|\n|t:|1776805836\n|switch|p2a: Garchomp|Garchomp, L50, F|100/100|[from] Volt Switch\n|move|p1a: Meganium|Weather Ball|p2a: Garchomp\n|-resisted|p2a: Garchomp|1\n|-damage|p2a: Garchomp|88/100\n|\n|upkeep\n|turn|4\n|\n|t:|1776805843\n|move|p2a: Garchomp|Stealth Rock|p1a: Meganium\n|-sidestart|p1: grg360|move: Stealth Rock\n|move|p1a: Meganium|Dazzling Gleam|p2a: Garchomp\n|-supereffective|p2a: Garchomp|1\n|-damage|p2a: Garchomp|45/100\n|\n|upkeep\n|turn|5\n|\n|t:|1776805848\n|move|p2a: Garchomp|Flamethrower|p1a: Meganium\n|-supereffective|p1a: Meganium|1\n|-damage|p1a: Meganium|46/100 par\n|move|p1a: Meganium|Dazzling Gleam|p2a: Garchomp\n|-supereffective|p2a: Garchomp|1\n|-damage|p2a: Garchomp|0 fnt\n|faint|p2a: Garchomp\n|\n|-sideend|p2: marugod97|move: Light Screen\n|upkeep\n|\n|t:|1776805854\n|switch|p2a: Raichu|Raichu, L50, F|17/100\n|turn|6\n|\n|t:|1776805858\n|move|p2a: Raichu|Light Screen|p2a: Raichu\n|-sidestart|p2: marugod97|move: Light Screen\n|move|p1a: Meganium|Solar Beam||[still]\n|-prepare|p1a: Meganium|Solar Beam\n|-activate|p1a: Meganium|ability: Mega Sol\n|-anim|p1a: Meganium|Solar Beam|p2a: Raichu\n|-damage|p2a: Raichu|0 fnt\n|faint|p2a: Raichu\n|\n|upkeep\n|\n|t:|1776805862\n|switch|p2a: Glenn|Greninja, L50, F|100/100\n|turn|7\n|\n|t:|1776805869\n|move|p2a: Glenn|Ice Beam|p1a: Meganium\n|-start|p2a: Glenn|typechange|Ice|[from] ability: Protean\n|-supereffective|p1a: Meganium|1\n|-damage|p1a: Meganium|0 fnt\n|faint|p1a: Meganium\n|\n|upkeep\n|\n|t:|1776805876\n|switch|p1a: Armarouge|Armarouge, L50, F|100/100\n|-damage|p1a: Armarouge|76/100|[from] Stealth Rock\n|turn|8\n|\n|t:|1776805882\n|detailschange|p2a: Glenn|Greninja-Mega, L50, F\n|-mega|p2a: Glenn|Greninja|Greninjite\n|move|p2a: Glenn|Dark Pulse|p1a: Armarouge\n|-start|p2a: Glenn|typechange|Dark|[from] ability: Protean\n|-supereffective|p1a: Armarouge|1\n|-damage|p1a: Armarouge|0 fnt\n|faint|p1a: Armarouge\n|\n|upkeep\n|\n|t:|1776805890\n|switch|p1a: Gengar|Gengar, L50, F|100/100\n|-damage|p1a: Gengar|88/100|[from] Stealth Rock\n|turn|9\n|\n|t:|1776805893\n|move|p2a: Glenn|Dark Pulse|p1a: Gengar\n|-supereffective|p1a: Gengar|1\n|-crit|p1a: Gengar\n|-damage|p1a: Gengar|0 fnt\n|faint|p1a: Gengar\n|\n|win|marugod97\n|raw|grg360's rating: 1147 &rarr; <strong>1116</strong><br />(-31 for losing)\n|raw|marugod97's rating: 1068 &rarr; <strong>1104</strong><br />(+36 for winning)\n", "uploadtime": 1776805900, "views": 2, "formatid": "gen9championsbssregma", "rating": 1104, "private": 0, "password": null}