{"id": "gen9championsbssregma-2594562153", "format": "[Gen 9 Champions] BSS Reg M-A", "players": ["paisar", "rbugyun596"], "log": "|j|\u2606paisar\n|j|\u2606rbugyun596\n|t:|1777213410\n|gametype|singles\n|player|p1|paisar|265|1286\n|player|p2|rbugyun596|artist|1334\n|gen|9\n|tier|[Gen 9 Champions] BSS Reg M-A\n|rated|\n|rule|Species Clause: Limit one of each Pok\u00e9mon\n|rule|Item Clause: Limit 1 of each item\n|clearpoke\n|poke|p1|Delphox, L50, M|\n|poke|p1|Kangaskhan, L50, F|\n|poke|p1|Mimikyu, L50, M|\n|poke|p1|Primarina, L50, F, shiny|\n|poke|p1|Garchomp, L50, M|\n|poke|p1|Umbreon, L50, M|\n|poke|p2|Clefable, L50, F|\n|poke|p2|Garchomp, L50, F|\n|poke|p2|Tyranitar, L50, M|\n|poke|p2|Arcanine, L50, F|\n|poke|p2|Glimmora, L50, M|\n|poke|p2|Heliolisk, L50, M|\n|teampreview|3\n|\n|t:|1777213474\n|teamsize|p1|3\n|teamsize|p2|3\n|start\n|switch|p1a: Delphox|Delphox, L50, M|100/100\n|switch|p2a: Tyranitar|Tyranitar, L50, M|100/100\n|-weather|Sandstorm|[from] ability: Sand Stream|[of] p2a: Tyranitar\n|turn|1\n|inactive|Battle timer is ON: inactive players will automatically lose when time's up. (requested by paisar)\n|\n|t:|1777213488\n|detailschange|p1a: Delphox|Delphox-Mega, L50, M\n|-mega|p1a: Delphox|Delphox|Delphoxite\n|move|p2a: Tyranitar|Rock Slide|p1a: Delphox\n|-supereffective|p1a: Delphox|1\n|-damage|p1a: Delphox|20/100y\n|cant|p1a: Delphox|flinch\n|\n|-weather|Sandstorm|[upkeep]\n|-damage|p1a: Delphox|14/100|[from] Sandstorm\n|upkeep\n|turn|2\n|\n|t:|1777213497\n|switch|p1a: Primarina|Primarina, L50, F, shiny|100/100\n|move|p2a: Tyranitar|Rock Slide|p1a: Primarina\n|-damage|p1a: Primarina|50/100g\n|\n|-weather|Sandstorm|[upkeep]\n|-damage|p1a: Primarina|44/100|[from] Sandstorm\n|-enditem|p1a: Primarina|Sitrus Berry|[eat]\n|-heal|p1a: Primarina|68/100|[from] item: Sitrus Berry\n|upkeep\n|turn|3\n|\n|t:|1777213508\n|move|p2a: Tyranitar|Rock Slide|p1a: Primarina\n|-damage|p1a: Primarina|20/100y\n|cant|p1a: Primarina|flinch\n|\n|-weather|Sandstorm|[upkeep]\n|-damage|p1a: Primarina|14/100|[from] Sandstorm\n|upkeep\n|turn|4\n|\n|t:|1777213516\n|move|p2a: Tyranitar|Rock Slide|p1a: Primarina|[miss]\n|-miss|p2a: Tyranitar|p1a: Primarina\n|move|p1a: Primarina|Psychic Noise|p2a: Tyranitar\n|-supereffective|p2a: Tyranitar|1\n|-damage|p2a: Tyranitar|52/100\n|-start|p2a: Tyranitar|move: Heal Block\n|\n|-weather|Sandstorm|[upkeep]\n|-damage|p1a: Primarina|9/100|[from] Sandstorm\n|upkeep\n|turn|5\n|\n|t:|1777213524\n|move|p2a: Tyranitar|Rock Slide|p1a: Primarina\n|-damage|p1a: Primarina|0 fnt\n|faint|p1a: Primarina\n|\n|-weather|none\n|-end|p2a: Tyranitar|move: Heal Block\n|upkeep\n|\n|t:|1777213527\n|switch|p1a: Mimikyu|Mimikyu, L50, M|100/100\n|turn|6\n|j| khadijadu75\n|\n|t:|1777213543\n|move|p2a: Tyranitar|Rock Slide|p1a: Mimikyu\n|-activate|p1a: Mimikyu|ability: Disguise\n|-damage|p1a: Mimikyu|100/100\n|detailschange|p1a: Mimikyu|Mimikyu-Busted, L50, M\n|-damage|p1a: Mimikyu|88/100|[from] pokemon: Mimikyu-Busted\n|move|p1a: Mimikyu|Swords Dance|p1a: Mimikyu\n|-boost|p1a: Mimikyu|atk|2\n|\n|upkeep\n|turn|7\n|\n|t:|1777213547\n|move|p2a: Tyranitar|Rock Slide|p1a: Mimikyu\n|-damage|p1a: Mimikyu|35/100\n|cant|p1a: Mimikyu|flinch\n|\n|upkeep\n|turn|8\n|\n|t:|1777213552\n|move|p2a: Tyranitar|Rock Slide|p1a: Mimikyu\n|-damage|p1a: Mimikyu|0 fnt\n|faint|p1a: Mimikyu\n|\n|upkeep\n|\n|t:|1777213556\n|switch|p1a: Delphox|Delphox-Mega, L50, M|14/100\n|turn|9\n|\n|t:|1777213559\n|move|p2a: Tyranitar|Rock Slide|p1a: Delphox\n|-supereffective|p1a: Delphox|1\n|-damage|p1a: Delphox|0 fnt\n|faint|p1a: Delphox\n|\n|win|rbugyun596\n|raw|paisar's rating: 1286 &rarr; <strong>1263</strong><br />(-23 for losing)\n|raw|rbugyun596's rating: 1309 &rarr; <strong>1328</strong><br />(+19 for winning)\n", "uploadtime": 1777213568, "views": 16, "formatid": "gen9championsbssregma", "rating": 1263, "private": 0, "password": null}