{"id": "gen9championsbssregma-2593547215", "format": "[Gen 9 Champions] BSS Reg M-A", "players": ["forker1112", "mrichan"], "log": "|j|\u2606forker1112\n|j|\u2606mrichan\n|t:|1777095106\n|gametype|singles\n|player|p1|forker1112|acetrainerf-gen4dp|1337\n|player|p2|mrichan|266|1374\n|gen|9\n|tier|[Gen 9 Champions] BSS Reg M-A\n|rated|\n|rule|Species Clause: Limit one of each Pok\u00e9mon\n|rule|Item Clause: Limit 1 of each item\n|clearpoke\n|poke|p1|Victreebel, L50, M|\n|poke|p1|Garchomp, L50, F|\n|poke|p1|Samurott-Hisui, L50, M|\n|poke|p1|Floette-Eternal, L50, F|\n|poke|p1|Empoleon, L50, F|\n|poke|p1|Volcarona, L50, M|\n|poke|p2|Sneasler, L50, M|\n|poke|p2|Primarina, L50, F|\n|poke|p2|Archaludon, L50, F|\n|poke|p2|Gyarados, L50, F|\n|poke|p2|Hydreigon, L50, M|\n|poke|p2|Charizard, L50, F|\n|teampreview|3\n|\n|t:|1777095129\n|teamsize|p1|3\n|teamsize|p2|3\n|start\n|switch|p1a: Empoleon|Empoleon, L50, F|100/100\n|switch|p2a: Archaludon|Archaludon, L50, F|100/100\n|turn|1\n|\n|t:|1777095134\n|move|p2a: Archaludon|Stealth Rock|p1a: Empoleon\n|-sidestart|p1: forker1112|move: Stealth Rock\n|move|p1a: Empoleon|Yawn|p2a: Archaludon\n|-start|p2a: Archaludon|move: Yawn|[of] p1a: Empoleon\n|\n|upkeep\n|turn|2\n|\n|t:|1777095161\n|switch|p2a: Gyarados|Gyarados, L50, F|100/100\n|-ability|p2a: Gyarados|Intimidate|boost\n|-unboost|p1a: Empoleon|atk|1\n|-ability|p1a: Empoleon|Competitive|boost\n|-boost|p1a: Empoleon|spa|2\n|move|p1a: Empoleon|Stealth Rock|p2a: Gyarados\n|-sidestart|p2: mrichan|move: Stealth Rock\n|\n|upkeep\n|turn|3\n|\n|t:|1777095179\n|move|p2a: Gyarados|Earthquake|p1a: Empoleon\n|-supereffective|p1a: Empoleon|1\n|-enditem|p1a: Empoleon|Shuca Berry|[eat]\n|-enditem|p1a: Empoleon|Shuca Berry|[weaken]\n|-damage|p1a: Empoleon|68/100\n|move|p1a: Empoleon|Ice Beam|p2a: Gyarados\n|-damage|p2a: Gyarados|48/100\n|\n|upkeep\n|turn|4\n|\n|t:|1777095191\n|detailschange|p2a: Gyarados|Gyarados-Mega, L50, F\n|-mega|p2a: Gyarados|Gyarados|Gyaradosite\n|-ability|p2a: Gyarados|Mold Breaker\n|move|p2a: Gyarados|Earthquake|p1a: Empoleon\n|-supereffective|p1a: Empoleon|1\n|-damage|p1a: Empoleon|0 fnt\n|faint|p1a: Empoleon\n|\n|upkeep\n|\n|t:|1777095196\n|switch|p1a: Victreebel|Victreebel, L50, M|100/100\n|-damage|p1a: Victreebel|88/100|[from] Stealth Rock\n|turn|5\n|\n|t:|1777095206\n|detailschange|p1a: Victreebel|Victreebel-Mega, L50, M\n|-mega|p1a: Victreebel|Victreebel|Victreebelite\n|move|p2a: Gyarados|Ice Fang|p1a: Victreebel\n|-supereffective|p1a: Victreebel|1\n|-damage|p1a: Victreebel|32/100\n|move|p1a: Victreebel|Swords Dance|p1a: Victreebel\n|-boost|p1a: Victreebel|atk|2\n|\n|upkeep\n|turn|6\n|\n|t:|1777095215\n|move|p1a: Victreebel|Sucker Punch|p2a: Gyarados\n|-resisted|p2a: Gyarados|1\n|-damage|p2a: Gyarados|25/100\n|move|p2a: Gyarados|Ice Fang|p1a: Victreebel\n|-supereffective|p1a: Victreebel|1\n|-damage|p1a: Victreebel|0 fnt\n|-damage|p2a: Gyarados|0 fnt|[from] ability: Innards Out|[of] p1a: Victreebel\n|faint|p1a: Victreebel\n|faint|p2a: Gyarados\n|\n|upkeep\n|\n|t:|1777095227\n|switch|p2a: Archaludon|Archaludon, L50, F|100/100\n|switch|p1a: Volcarona|Volcarona, L50, M|100/100\n|-damage|p2a: Archaludon|95/100|[from] Stealth Rock\n|-damage|p1a: Volcarona|50/100|[from] Stealth Rock\n|-enditem|p1a: Volcarona|Sitrus Berry|[eat]\n|-heal|p1a: Volcarona|75/100|[from] item: Sitrus Berry\n|turn|7\n|\n|t:|1777095240\n|move|p2a: Archaludon|Draco Meteor|p1a: Volcarona\n|-damage|p1a: Volcarona|15/100\n|-unboost|p2a: Archaludon|spa|2\n|-enditem|p2a: Archaludon|White Herb\n|-clearnegativeboost|p2a: Archaludon|[silent]\n|move|p1a: Volcarona|Quiver Dance|p1a: Volcarona\n|-boost|p1a: Volcarona|spa|1\n|-boost|p1a: Volcarona|spd|1\n|-boost|p1a: Volcarona|spe|1\n|\n|upkeep\n|turn|8\n|\n|t:|1777095246\n|move|p1a: Volcarona|Fiery Dance|p2a: Archaludon\n|-damage|p2a: Archaludon|0 fnt\n|faint|p2a: Archaludon\n|\n|upkeep\n|\n|t:|1777095249\n|switch|p2a: Sneasler|Sneasler, L50, M|100/100\n|-damage|p2a: Sneasler|95/100|[from] Stealth Rock\n|turn|9\n|\n|t:|1777095253\n|move|p1a: Volcarona|Psychic|p2a: Sneasler\n|-supereffective|p2a: Sneasler|2\n|-damage|p2a: Sneasler|0 fnt\n|faint|p2a: Sneasler\n|\n|win|forker1112\n|raw|forker1112's rating: 1337 &rarr; <strong>1359</strong><br />(+22 for winning)\n|raw|mrichan's rating: 1374 &rarr; <strong>1352</strong><br />(-22 for losing)\n|l|\u2606mrichan\n|player|p2|\n", "uploadtime": 1777095264, "views": 14, "formatid": "gen9championsbssregma", "rating": 1352, "private": 0, "password": null}