{"id": "gen9championsbssregma-2589811986", "format": "[Gen 9 Champions] BSS Reg M-A", "players": ["sasasama", "ninano200"], "log": "|j|\u2606sasasama\n|j|\u2606ninano200\n|t:|1776762735\n|gametype|singles\n|player|p1|sasasama|101|1333\n|player|p2|ninano200|169|1397\n|gen|9\n|tier|[Gen 9 Champions] BSS Reg M-A\n|rated|\n|rule|Species Clause: Limit one of each Pok\u00e9mon\n|rule|Item Clause: Limit 1 of each item\n|clearpoke\n|poke|p1|Charizard, L50, M, shiny|\n|poke|p1|Floette-Eternal, L50, F, shiny|\n|poke|p1|Hippowdon, L50, M, shiny|\n|poke|p1|Archaludon, L50, M, shiny|\n|poke|p1|Basculegion, L50, M, shiny|\n|poke|p1|Espathra, L50, M, shiny|\n|poke|p2|Charizard, L50, F|\n|poke|p2|Mimikyu, L50, M|\n|poke|p2|Aegislash, L50, F|\n|poke|p2|Hydreigon, L50, M|\n|poke|p2|Meowscarada, L50, M|\n|poke|p2|Starmie, L50|\n|teampreview|3\n|inactive|Battle timer is ON: inactive players will automatically lose when time's up. (requested by sasasama)\n|inactive|ninano200 has 60 seconds left.\n|\n|t:|1776762796\n|teamsize|p1|3\n|teamsize|p2|3\n|start\n|switch|p1a: Espathra|Espathra, L50, M, shiny|100/100\n|switch|p2a: Starmie|Starmie, L50|100/100\n|turn|1\n|\n|t:|1776762804\n|detailschange|p2a: Starmie|Starmie-Mega, L50\n|-mega|p2a: Starmie|Starmie|Starminite\n|move|p1a: Espathra|Protect|p1a: Espathra\n|-singleturn|p1a: Espathra|Protect\n|move|p2a: Starmie|Liquidation|p1a: Espathra\n|-activate|p1a: Espathra|move: Protect\n|\n|-ability|p1a: Espathra|Speed Boost|boost\n|-boost|p1a: Espathra|spe|1\n|upkeep\n|turn|2\n|\n|t:|1776762810\n|move|p1a: Espathra|Shadow Ball|p2a: Starmie\n|-supereffective|p2a: Starmie|1\n|-damage|p2a: Starmie|38/100\n|move|p2a: Starmie|Liquidation|p1a: Espathra\n|-enditem|p1a: Espathra|Focus Sash\n|-damage|p1a: Espathra|1/100\n|\n|-ability|p1a: Espathra|Speed Boost|boost\n|-boost|p1a: Espathra|spe|1\n|upkeep\n|turn|3\n|\n|t:|1776762818\n|move|p2a: Starmie|Aqua Jet|p1a: Espathra\n|-damage|p1a: Espathra|0 fnt\n|faint|p1a: Espathra\n|\n|upkeep\n|\n|t:|1776762823\n|switch|p1a: Floette|Floette-Eternal, L50, F, shiny|100/100\n|turn|4\n|\n|t:|1776762827\n|detailschange|p1a: Floette|Floette-Mega, L50, F, shiny\n|-mega|p1a: Floette|Floette|Floettite\n|-ability|p1a: Floette|Fairy Aura\n|move|p2a: Starmie|Flip Turn|p1a: Floette\n|-damage|p1a: Floette|29/100\n|\n|t:|1776762830\n|switch|p2a: Aegislash|Aegislash, L50, F|100/100|[from] Flip Turn\n|move|p1a: Floette|Draining Kiss|p2a: Aegislash\n|-resisted|p2a: Aegislash|1\n|-damage|p2a: Aegislash|82/100\n|-heal|p1a: Floette|44/100|[from] drain|[of] p2a: Aegislash\n|\n|upkeep\n|turn|5\n|\n|t:|1776762837\n|move|p1a: Floette|Substitute|p1a: Floette\n|-start|p1a: Floette|Substitute\n|-damage|p1a: Floette|20/100\n|move|p2a: Aegislash|Swords Dance|p2a: Aegislash\n|-boost|p2a: Aegislash|atk|2\n|\n|upkeep\n|turn|6\n|\n|t:|1776762847\n|move|p1a: Floette|Moonblast|p2a: Aegislash\n|-resisted|p2a: Aegislash|1\n|-damage|p2a: Aegislash|50/100\n|-formechange|p2a: Aegislash|Aegislash-Blade|\n|move|p2a: Aegislash|Poltergeist|p1a: Floette\n|-activate|p1a: Floette|move: Poltergeist|Floettite\n|-end|p1a: Floette|Substitute\n|\n|upkeep\n|turn|7\n|\n|t:|1776762851\n|move|p2a: Aegislash|Shadow Sneak|p1a: Floette\n|-damage|p1a: Floette|0 fnt\n|faint|p1a: Floette\n|\n|upkeep\n|\n|t:|1776762853\n|switch|p1a: Basculegion|Basculegion, L50, M, shiny|100/100\n|turn|8\n|\n|t:|1776762861\n|move|p2a: Aegislash|Shadow Sneak|p1a: Basculegion\n|-supereffective|p1a: Basculegion|1\n|-damage|p1a: Basculegion|0 fnt\n|faint|p1a: Basculegion\n|\n|win|ninano200\n|raw|sasasama's rating: 1333 &rarr; <strong>1317</strong><br />(-16 for losing)\n|raw|ninano200's rating: 1397 &rarr; <strong>1413</strong><br />(+16 for winning)\n|l|\u2606sasasama\n|player|p1|\n", "uploadtime": 1776762867, "views": 5, "formatid": "gen9championsbssregma", "rating": 1317, "private": 0, "password": null}