{"id": "gen9championsbssregma-2592305855", "format": "[Gen 9 Champions] BSS Reg M-A", "players": ["Cold Steel III", "Teddiurshi"], "log": "|j|\u2606Cold Steel III\n|j|\u2606Teddiurshi\n|t:|1776977450\n|gametype|singles\n|player|p1|Cold Steel III|ash|1327\n|player|p2|Teddiurshi|hiker-gen4|1239\n|gen|9\n|tier|[Gen 9 Champions] BSS Reg M-A\n|rated|\n|rule|Species Clause: Limit one of each Pok\u00e9mon\n|rule|Item Clause: Limit 1 of each item\n|clearpoke\n|poke|p1|Bellibolt, L50, M|\n|poke|p1|Corviknight, L50, F|\n|poke|p1|Venusaur, L50, F|\n|poke|p1|Hydreigon, L50, M|\n|poke|p1|Starmie, L50|\n|poke|p1|Toxapex, L50, F|\n|poke|p2|Espathra, L50, M|\n|poke|p2|Pangoro, L50, F|\n|poke|p2|Decidueye-Hisui, L50, M|\n|poke|p2|Vivillon-Icy Snow, L50, F, shiny|\n|poke|p2|Sharpedo, L50, M|\n|poke|p2|Runerigus, L50, M|\n|teampreview|3\n|inactive|Battle timer is ON: inactive players will automatically lose when time's up. (requested by Cold Steel III)\n|inactive|Cold Steel III has 60 seconds left.\n|inactive|Cold Steel III has 30 seconds left.\n|\n|t:|1776977520\n|teamsize|p1|3\n|teamsize|p2|3\n|start\n|switch|p1a: Toxapex|Toxapex, L50, F|100/100\n|switch|p2a: Empathy|Espathra, L50, M|100/100\n|turn|1\n|\n|t:|1776977525\n|move|p2a: Empathy|Substitute|p2a: Empathy\n|-start|p2a: Empathy|Substitute\n|-damage|p2a: Empathy|76/100\n|move|p1a: Toxapex|Toxic||[still]\n|-fail|p1a: Toxapex\n|\n|-heal|p2a: Empathy|82/100|[from] item: Leftovers\n|-ability|p2a: Empathy|Speed Boost|boost\n|-boost|p2a: Empathy|spe|1\n|upkeep\n|turn|2\n|\n|t:|1776977529\n|move|p2a: Empathy|Calm Mind|p2a: Empathy\n|-boost|p2a: Empathy|spa|1\n|-boost|p2a: Empathy|spd|1\n|move|p1a: Toxapex|Chilling Water|p2a: Empathy\n|-activate|p2a: Empathy|move: Substitute|[damage]\n|\n|-heal|p2a: Empathy|88/100|[from] item: Leftovers\n|-ability|p2a: Empathy|Speed Boost|boost\n|-boost|p2a: Empathy|spe|1\n|upkeep\n|turn|3\n|\n|t:|1776977537\n|move|p2a: Empathy|Calm Mind|p2a: Empathy\n|-boost|p2a: Empathy|spa|1\n|-boost|p2a: Empathy|spd|1\n|move|p1a: Toxapex|Haze|p1a: Toxapex\n|-clearallboost\n|\n|-heal|p2a: Empathy|94/100|[from] item: Leftovers\n|-ability|p2a: Empathy|Speed Boost|boost\n|-boost|p2a: Empathy|spe|1\n|upkeep\n|turn|4\n|\n|t:|1776977539\n|move|p2a: Empathy|Baton Pass|p2a: Empathy\n|\n|t:|1776977540\n|switch|p2a: Bushi Archer|Decidueye-Hisui, L50, M|100/100|[from] Baton Pass\n|move|p1a: Toxapex|Chilling Water|p2a: Bushi Archer\n|-resisted|p2a: Bushi Archer|1\n|-activate|p2a: Bushi Archer|move: Substitute|[damage]\n|\n|upkeep\n|turn|5\n|\n|t:|1776977548\n|switch|p1a: Corviknight|Corviknight, L50, F|100/100\n|move|p2a: Bushi Archer|Taunt|p1a: Corviknight\n|-start|p1a: Corviknight|move: Taunt\n|\n|upkeep\n|turn|6\n|\n|t:|1776977555\n|move|p2a: Bushi Archer|Bulk Up|p2a: Bushi Archer\n|-boost|p2a: Bushi Archer|atk|1\n|-boost|p2a: Bushi Archer|def|1\n|move|p1a: Corviknight|U-turn|p2a: Bushi Archer\n|-crit|p2a: Bushi Archer\n|-end|p2a: Bushi Archer|Substitute\n|\n|t:|1776977561\n|switch|p1a: Toxapex|Toxapex, L50, F|100/100|[from] U-turn\n|\n|upkeep\n|turn|7\n|\n|t:|1776977566\n|move|p2a: Bushi Archer|Taunt|p1a: Toxapex\n|-start|p1a: Toxapex|move: Taunt\n|cant|p1a: Toxapex|move: Taunt|Haze\n|\n|upkeep\n|turn|8\n|\n|t:|1776977573\n|move|p2a: Bushi Archer|Bulk Up|p2a: Bushi Archer\n|-boost|p2a: Bushi Archer|atk|1\n|-boost|p2a: Bushi Archer|def|1\n|move|p1a: Toxapex|Chilling Water|p2a: Bushi Archer\n|-resisted|p2a: Bushi Archer|1\n|-damage|p2a: Bushi Archer|96/100\n|-unboost|p2a: Bushi Archer|atk|1\n|\n|upkeep\n|turn|9\n|\n|t:|1776977575\n|move|p2a: Bushi Archer|Bulk Up|p2a: Bushi Archer\n|-boost|p2a: Bushi Archer|atk|1\n|-boost|p2a: Bushi Archer|def|1\n|move|p1a: Toxapex|Chilling Water|p2a: Bushi Archer\n|-resisted|p2a: Bushi Archer|1\n|-damage|p2a: Bushi Archer|91/100\n|-unboost|p2a: Bushi Archer|atk|1\n|\n|-end|p1a: Toxapex|move: Taunt\n|upkeep\n|turn|10\n|\n|t:|1776977579\n|move|p2a: Bushi Archer|Taunt|p1a: Toxapex\n|-start|p1a: Toxapex|move: Taunt\n|move|p1a: Toxapex|Chilling Water|p2a: Bushi Archer\n|-resisted|p2a: Bushi Archer|1\n|-damage|p2a: Bushi Archer|87/100\n|-unboost|p2a: Bushi Archer|atk|1\n|\n|upkeep\n|turn|11\n|\n|t:|1776977582\n|move|p2a: Bushi Archer|Bulk Up|p2a: Bushi Archer\n|-boost|p2a: Bushi Archer|atk|1\n|-boost|p2a: Bushi Archer|def|1\n|move|p1a: Toxapex|Chilling Water|p2a: Bushi Archer\n|-resisted|p2a: Bushi Archer|1\n|-damage|p2a: Bushi Archer|82/100\n|-unboost|p2a: Bushi Archer|atk|1\n|\n|upkeep\n|turn|12\n|\n|t:|1776977585\n|move|p2a: Bushi Archer|Bulk Up|p2a: Bushi Archer\n|-boost|p2a: Bushi Archer|atk|1\n|-boost|p2a: Bushi Archer|def|1\n|move|p1a: Toxapex|Chilling Water|p2a: Bushi Archer\n|-resisted|p2a: Bushi Archer|1\n|-damage|p2a: Bushi Archer|77/100\n|-unboost|p2a: Bushi Archer|atk|1\n|\n|-end|p1a: Toxapex|move: Taunt\n|upkeep\n|turn|13\n|\n|t:|1776977587\n|move|p2a: Bushi Archer|Taunt|p1a: Toxapex\n|-start|p1a: Toxapex|move: Taunt\n|move|p1a: Toxapex|Chilling Water|p2a: Bushi Archer\n|-resisted|p2a: Bushi Archer|1\n|-damage|p2a: Bushi Archer|73/100\n|-unboost|p2a: Bushi Archer|atk|1\n|\n|upkeep\n|turn|14\n|\n|t:|1776977591\n|move|p2a: Bushi Archer|Bulk Up|p2a: Bushi Archer\n|-boost|p2a: Bushi Archer|atk|1\n|-boost|p2a: Bushi Archer|def|1\n|move|p1a: Toxapex|Chilling Water|p2a: Bushi Archer\n|-resisted|p2a: Bushi Archer|1\n|-damage|p2a: Bushi Archer|68/100\n|-unboost|p2a: Bushi Archer|atk|1\n|\n|upkeep\n|turn|15\n|\n|t:|1776977598\n|move|p2a: Bushi Archer|Bulk Up|p2a: Bushi Archer\n|-boost|p2a: Bushi Archer|atk|1\n|-boost|p2a: Bushi Archer|def|0\n|move|p1a: Toxapex|Chilling Water|p2a: Bushi Archer\n|-resisted|p2a: Bushi Archer|1\n|-damage|p2a: Bushi Archer|64/100\n|-unboost|p2a: Bushi Archer|atk|1\n|\n|-end|p1a: Toxapex|move: Taunt\n|upkeep\n|turn|16\n|\n|t:|1776977602\n|switch|p1a: Venusaur|Venusaur, L50, F|100/100\n|move|p2a: Bushi Archer|Taunt|p1a: Venusaur\n|-start|p1a: Venusaur|move: Taunt\n|\n|upkeep\n|turn|17\n|\n|t:|1776977609\n|detailschange|p1a: Venusaur|Venusaur-Mega, L50, F\n|-mega|p1a: Venusaur|Venusaur|Venusaurite\n|move|p2a: Bushi Archer|Baton Pass|p2a: Bushi Archer\n|\n|t:|1776977612\n|switch|p2a: Empathy|Espathra, L50, M|94/100|[from] Baton Pass\n|move|p1a: Venusaur|Sludge Wave|p2a: Empathy\n|-damage|p2a: Empathy|34/100\n|\n|-heal|p2a: Empathy|40/100|[from] item: Leftovers\n|upkeep\n|turn|18\n|\n|t:|1776977628\n|move|p2a: Empathy|Baton Pass|p2a: Empathy\n|\n|t:|1776977629\n|switch|p2a: Dragon Warrior|Pangoro, L50, F|100/100|[from] Baton Pass\n|-ability|p2a: Dragon Warrior|Mold Breaker\n|move|p1a: Venusaur|Sludge Wave|p2a: Dragon Warrior\n|-damage|p2a: Dragon Warrior|47/100\n|\n|-end|p1a: Venusaur|move: Taunt\n|upkeep\n|turn|19\n|\n|t:|1776977640\n|switch|p1a: Toxapex|Toxapex, L50, F|100/100\n|move|p2a: Dragon Warrior|Power Trip|p1a: Toxapex\n|-damage|p1a: Toxapex|56/100\n|\n|upkeep\n|turn|20\n|\n|t:|1776977649\n|move|p2a: Dragon Warrior|Taunt|p1a: Toxapex\n|-start|p1a: Toxapex|move: Taunt\n|cant|p1a: Toxapex|move: Taunt|Haze\n|\n|upkeep\n|turn|21\n|\n|t:|1776977659\n|move|p2a: Dragon Warrior|Power Trip|p1a: Toxapex\n|-damage|p1a: Toxapex|15/100\n|move|p1a: Toxapex|Chilling Water|p2a: Dragon Warrior\n|-damage|p2a: Dragon Warrior|36/100\n|-unboost|p2a: Dragon Warrior|atk|1\n|\n|upkeep\n|turn|22\n|\n|t:|1776977664\n|switch|p1a: Corviknight|Corviknight, L50, F|100/100\n|move|p2a: Dragon Warrior|Power Trip|p1a: Corviknight\n|-damage|p1a: Corviknight|74/100\n|\n|-heal|p1a: Corviknight|80/100|[from] item: Leftovers\n|upkeep\n|turn|23\n|-message|Teddiurshi forfeited.\n|\n|win|Cold Steel III\n|raw|Cold Steel III's rating: 1327 &rarr; <strong>1342</strong><br />(+15 for winning)\n|raw|Teddiurshi's rating: 1239 &rarr; <strong>1220</strong><br />(-19 for losing)\n|l|\u2606Teddiurshi\n|player|p2|\n", "uploadtime": 1776977686, "views": 11, "formatid": "gen9championsbssregma", "rating": 1220, "private": 0, "password": null}