{"id": "gen9championsbssregma-2592437731", "format": "[Gen 9 Champions] BSS Reg M-A", "players": ["hijanu", "Aver9"], "log": "|j|\u2606hijanu\n|j|\u2606Aver9\n|t:|1776989421\n|gametype|singles\n|player|p1|hijanu|ingo|1373\n|player|p2|Aver9|266|1223\n|gen|9\n|tier|[Gen 9 Champions] BSS Reg M-A\n|rated|\n|rule|Species Clause: Limit one of each Pok\u00e9mon\n|rule|Item Clause: Limit 1 of each item\n|clearpoke\n|poke|p1|Ceruledge, L50, F, shiny|\n|poke|p1|Rotom-Wash, L50, shiny|\n|poke|p1|Archaludon, L50, M|\n|poke|p1|Slowking-Galar, L50, M, shiny|\n|poke|p1|Hydreigon, L50, F|\n|poke|p1|Tsareena, L50, F, shiny|\n|poke|p2|Gyarados, L50, F|\n|poke|p2|Slowking-Galar, L50, M|\n|poke|p2|Tinkaton, L50, F|\n|poke|p2|Basculegion, L50, M|\n|poke|p2|Rotom-Wash, L50|\n|poke|p2|Delphox, L50, F|\n|teampreview|3\n|l|\u2606Aver9\n|player|p2|\n|j|\u2606Aver9\n|player|p2|Aver9|266|\n|inactive|Battle timer is ON: inactive players will automatically lose when time's up. (requested by hijanu)\n|\n|t:|1776989509\n|teamsize|p1|3\n|teamsize|p2|3\n|start\n|switch|p1a: Ceruledge|Ceruledge, L50, F, shiny|100/100\n|switch|p2a: Tinkaton|Tinkaton, L50, F|100/100\n|-ability|p2a: Tinkaton|Mold Breaker\n|turn|1\n|\n|t:|1776989524\n|move|p1a: Ceruledge|Bitter Blade|p2a: Tinkaton\n|-supereffective|p2a: Tinkaton|1\n|-enditem|p2a: Tinkaton|Focus Sash\n|-damage|p2a: Tinkaton|1/100\n|move|p2a: Tinkaton|Thunder Wave|p1a: Ceruledge\n|-status|p1a: Ceruledge|par\n|\n|upkeep\n|turn|2\n|\n|t:|1776989533\n|move|p1a: Ceruledge|Shadow Sneak|p2a: Tinkaton\n|-damage|p2a: Tinkaton|0 fnt\n|faint|p2a: Tinkaton\n|\n|upkeep\n|\n|t:|1776989536\n|switch|p2a: Gyarados|Gyarados, L50, F|100/100\n|-ability|p2a: Gyarados|Intimidate|boost\n|-unboost|p1a: Ceruledge|atk|1\n|turn|3\n|\n|t:|1776989560\n|detailschange|p2a: Gyarados|Gyarados-Mega, L50, F\n|-mega|p2a: Gyarados|Gyarados|Gyaradosite\n|-ability|p2a: Gyarados|Mold Breaker\n|move|p2a: Gyarados|Waterfall|p1a: Ceruledge\n|-supereffective|p1a: Ceruledge|1\n|-enditem|p1a: Ceruledge|Focus Sash\n|-damage|p1a: Ceruledge|1/100 par\n|-ability|p1a: Ceruledge|Weak Armor|boost\n|-unboost|p1a: Ceruledge|def|1\n|-boost|p1a: Ceruledge|spe|2\n|cant|p1a: Ceruledge|flinch\n|\n|upkeep\n|turn|4\n|\n|t:|1776989575\n|move|p1a: Ceruledge|Shadow Sneak|p2a: Gyarados\n|-resisted|p2a: Gyarados|1\n|-damage|p2a: Gyarados|93/100\n|move|p2a: Gyarados|Dragon Dance|p2a: Gyarados\n|-boost|p2a: Gyarados|atk|1\n|-boost|p2a: Gyarados|spe|1\n|\n|upkeep\n|turn|5\n|\n|t:|1776989582\n|move|p2a: Gyarados|Waterfall|p1a: Ceruledge\n|-supereffective|p1a: Ceruledge|1\n|-damage|p1a: Ceruledge|0 fnt\n|faint|p1a: Ceruledge\n|\n|upkeep\n|\n|t:|1776989588\n|switch|p1a: Hydreigon|Hydreigon, L50, F|100/100\n|turn|6\n|\n|t:|1776989593\n|move|p1a: Hydreigon|Focus Blast|p2a: Gyarados\n|-supereffective|p2a: Gyarados|1\n|-damage|p2a: Gyarados|23/100\n|move|p2a: Gyarados|Ice Fang|p1a: Hydreigon\n|-supereffective|p1a: Hydreigon|1\n|-damage|p1a: Hydreigon|2/100\n|\n|upkeep\n|turn|7\n|\n|t:|1776989603\n|switch|p2a: Basculegion|Basculegion, L50, M|100/100\n|move|p1a: Hydreigon|Focus Blast|p2a: Basculegion\n|-immune|p2a: Basculegion\n|\n|upkeep\n|turn|8\n|\n|t:|1776989611\n|switch|p1a: Tsareena|Tsareena, L50, F, shiny|100/100\n|move|p2a: Basculegion|Last Respects|p1a: Tsareena\n|-damage|p1a: Tsareena|39/100\n|\n|upkeep\n|turn|9\n|\n|t:|1776989622\n|move|p2a: Basculegion|Last Respects|p1a: Tsareena\n|-damage|p1a: Tsareena|0 fnt\n|faint|p1a: Tsareena\n|\n|upkeep\n|\n|t:|1776989637\n|switch|p1a: Hydreigon|Hydreigon, L50, F|2/100\n|turn|10\n|\n|t:|1776989642\n|move|p1a: Hydreigon|Dark Pulse|p2a: Basculegion\n|-supereffective|p2a: Basculegion|1\n|-damage|p2a: Basculegion|0 fnt\n|faint|p2a: Basculegion\n|\n|upkeep\n|\n|t:|1776989645\n|switch|p2a: Gyarados|Gyarados-Mega, L50, F|23/100\n|-ability|p2a: Gyarados|Mold Breaker\n|turn|11\n|\n|t:|1776989652\n|move|p1a: Hydreigon|Dark Pulse|p2a: Gyarados\n|-resisted|p2a: Gyarados|1\n|-damage|p2a: Gyarados|5/100\n|cant|p2a: Gyarados|flinch\n|\n|upkeep\n|turn|12\n|\n|t:|1776989658\n|move|p1a: Hydreigon|Dark Pulse|p2a: Gyarados\n|-resisted|p2a: Gyarados|1\n|-crit|p2a: Gyarados\n|-damage|p2a: Gyarados|0 fnt\n|faint|p2a: Gyarados\n|\n|win|hijanu\n|raw|hijanu's rating: 1373 &rarr; <strong>1385</strong><br />(+12 for winning)\n|raw|Aver9's rating: 1223 &rarr; <strong>1208</strong><br />(-15 for losing)\n|l|\u2606Aver9\n|player|p2|\n", "uploadtime": 1776989681, "views": 2, "formatid": "gen9championsbssregma", "rating": 1208, "private": 0, "password": null}