{"id": "gen9championsbssregma-2591153284", "format": "[Gen 9 Champions] BSS Reg M-A", "players": ["Slovami", "PopinoVT"], "log": "|j|\u2606Slovami\n|j|\u2606PopinoVT\n|t:|1776877839\n|gametype|singles\n|player|p1|Slovami|2|1278\n|player|p2|PopinoVT|cynthia|1239\n|gen|9\n|tier|[Gen 9 Champions] BSS Reg M-A\n|rated|\n|rule|Species Clause: Limit one of each Pok\u00e9mon\n|rule|Item Clause: Limit 1 of each item\n|clearpoke\n|poke|p1|Slurpuff, L50, F|\n|poke|p1|Heracross, L50, M|\n|poke|p1|Feraligatr, L50, M|\n|poke|p1|Kingambit, L50, F|\n|poke|p1|Garchomp, L50, F|\n|poke|p1|Jolteon, L50, F|\n|poke|p2|Lucario, L50, F|\n|poke|p2|Meowscarada, L50, M|\n|poke|p2|Garchomp, L50, F|\n|poke|p2|Delphox, L50, M|\n|poke|p2|Milotic, L50, F|\n|poke|p2|Kingambit, L50, M|\n|teampreview|3\n|j|+DerpySuX\n|\n|t:|1776878005\n|teamsize|p1|3\n|teamsize|p2|3\n|start\n|switch|p1a: Slurpuff|Slurpuff, L50, F|100/100\n|switch|p2a: Meowscarada|Meowscarada, L50, M|100/100\n|turn|1\n|\n|t:|1776878011\n|move|p2a: Meowscarada|U-turn|p1a: Slurpuff\n|-start|p2a: Meowscarada|typechange|Bug|[from] ability: Protean\n|-resisted|p1a: Slurpuff|1\n|-crit|p1a: Slurpuff\n|-damage|p1a: Slurpuff|75/100\n|\n|t:|1776878016\n|switch|p2a: Lucario|Lucario, L50, F|100/100|[from] U-turn\n|move|p1a: Slurpuff|Yawn|p2a: Lucario\n|-start|p2a: Lucario|move: Yawn|[of] p1a: Slurpuff\n|\n|upkeep\n|turn|2\n|\n|t:|1776878024\n|detailschange|p2a: Lucario|Lucario-Mega, L50, F\n|-mega|p2a: Lucario|Lucario|Lucarionite\n|move|p2a: Lucario|Meteor Mash|p1a: Slurpuff\n|-supereffective|p1a: Slurpuff|1\n|-damage|p1a: Slurpuff|0 fnt\n|faint|p1a: Slurpuff\n|\n|-end|p2a: Lucario|move: Yawn|[silent]\n|-status|p2a: Lucario|slp\n|upkeep\n|\n|t:|1776878029\n|switch|p1a: Feraligatr|Feraligatr, L50, M|100/100\n|turn|3\n|\n|t:|1776878034\n|cant|p2a: Lucario|slp\n|move|p1a: Feraligatr|Dragon Dance|p1a: Feraligatr\n|-boost|p1a: Feraligatr|atk|1\n|-boost|p1a: Feraligatr|spe|1\n|\n|upkeep\n|turn|4\n|\n|t:|1776878038\n|detailschange|p1a: Feraligatr|Feraligatr-Mega, L50, M\n|-mega|p1a: Feraligatr|Feraligatr|Feraligite\n|move|p1a: Feraligatr|Liquidation|p2a: Lucario\n|-damage|p2a: Lucario|0 fnt\n|faint|p2a: Lucario\n|\n|upkeep\n|\n|t:|1776878042\n|switch|p2a: Meowscarada|Meowscarada, L50, M|100/100\n|turn|5\n|\n|t:|1776878047\n|move|p2a: Meowscarada|Play Rough|p1a: Feraligatr\n|-start|p2a: Meowscarada|typechange|Fairy|[from] ability: Protean\n|-supereffective|p1a: Feraligatr|1\n|-damage|p1a: Feraligatr|26/100\n|move|p1a: Feraligatr|Body Slam|p2a: Meowscarada\n|-immune|p2a: Meowscarada\n|\n|upkeep\n|turn|6\n|\n|t:|1776878057\n|move|p2a: Meowscarada|Play Rough|p1a: Feraligatr\n|-supereffective|p1a: Feraligatr|1\n|-damage|p1a: Feraligatr|0 fnt\n|faint|p1a: Feraligatr\n|\n|upkeep\n|\n|t:|1776878059\n|switch|p1a: Kingambit|Kingambit, L50, F|100/100\n|-activate|p1a: Kingambit|ability: Supreme Overlord\n|-start|p1a: Kingambit|fallen2|[silent]\n|turn|7\n|\n|t:|1776878068\n|move|p2a: Meowscarada|Play Rough|p1a: Kingambit\n|-damage|p1a: Kingambit|65/100\n|move|p1a: Kingambit|Swords Dance|p1a: Kingambit\n|-boost|p1a: Kingambit|atk|2\n|\n|upkeep\n|turn|8\n|\n|t:|1776878074\n|move|p2a: Meowscarada|Play Rough|p1a: Kingambit|[miss]\n|-miss|p2a: Meowscarada|p1a: Kingambit\n|move|p1a: Kingambit|Iron Head|p2a: Meowscarada\n|-supereffective|p2a: Meowscarada|1\n|-damage|p2a: Meowscarada|0 fnt\n|faint|p2a: Meowscarada\n|\n|upkeep\n|\n|t:|1776878077\n|switch|p2a: Garchomp|Garchomp, L50, F|100/100\n|turn|9\n|\n|t:|1776878088\n|move|p1a: Kingambit|Sucker Punch|p2a: Garchomp\n|-enditem|p2a: Garchomp|Focus Sash\n|-damage|p2a: Garchomp|1/100\n|-damage|p1a: Kingambit|52/100|[from] ability: Rough Skin|[of] p2a: Garchomp\n|move|p2a: Garchomp|Earthquake|p1a: Kingambit\n|-supereffective|p1a: Kingambit|1\n|-damage|p1a: Kingambit|0 fnt\n|faint|p1a: Kingambit\n|-end|p1a: Kingambit|fallen2|[silent]\n|\n|win|PopinoVT\n|raw|Slovami's rating: 1278 &rarr; <strong>1250</strong><br />(-28 for losing)\n|raw|PopinoVT's rating: 1239 &rarr; <strong>1267</strong><br />(+28 for winning)\n", "uploadtime": 1776878093, "views": 2, "formatid": "gen9championsbssregma", "rating": 1250, "private": 0, "password": null}