{"id": "gen9championsbssregma-2590903206", "format": "[Gen 9 Champions] BSS Reg M-A", "players": ["Robeadminchiam", "BBBkty"], "log": "|j|\u2606Robeadminchiam\n|j|\u2606BBBkty\n|t:|1776860047\n|gametype|singles\n|player|p1|Robeadminchiam|lucas|1244\n|player|p2|BBBkty|266|1185\n|gen|9\n|tier|[Gen 9 Champions] BSS Reg M-A\n|rated|\n|rule|Species Clause: Limit one of each Pok\u00e9mon\n|rule|Item Clause: Limit 1 of each item\n|clearpoke\n|poke|p1|Mimikyu, L50, F|\n|poke|p1|Lopunny, L50, M|\n|poke|p1|Glimmora, L50, M|\n|poke|p1|Rotom-Wash, L50|\n|poke|p1|Basculegion, L50, M|\n|poke|p1|Dragonite, L50, F|\n|poke|p2|Clefable, L50, M, shiny|\n|poke|p2|Charizard, L50, F, shiny|\n|poke|p2|Scizor, L50, M|\n|poke|p2|Espathra, L50, F, shiny|\n|poke|p2|Glimmora, L50, M, shiny|\n|poke|p2|Florges, L50, F|\n|teampreview|3\n|inactive|Battle timer is ON: inactive players will automatically lose when time's up. (requested by BBBkty)\n|inactive|Robeadminchiam has 60 seconds left.\n|\n|t:|1776860090\n|teamsize|p1|3\n|teamsize|p2|3\n|start\n|switch|p1a: Dragonite|Dragonite, L50, F|100/100\n|switch|p2a: Glimmora|Glimmora, L50, M, shiny|100/100\n|turn|1\n|\n|t:|1776860097\n|move|p2a: Glimmora|Power Gem|p1a: Dragonite\n|-supereffective|p1a: Dragonite|1\n|-damage|p1a: Dragonite|55/100\n|move|p1a: Dragonite|Earthquake|p2a: Glimmora\n|-supereffective|p2a: Glimmora|2\n|-crit|p2a: Glimmora\n|-enditem|p2a: Glimmora|Focus Sash\n|-damage|p2a: Glimmora|1/100\n|-activate|p2a: Glimmora|ability: Toxic Debris\n|-sidestart|p1: Robeadminchiam|move: Toxic Spikes\n|\n|upkeep\n|turn|2\n|\n|t:|1776860105\n|move|p1a: Dragonite|Extreme Speed|p2a: Glimmora\n|-resisted|p2a: Glimmora|1\n|-damage|p2a: Glimmora|0 fnt\n|-activate|p2a: Glimmora|ability: Toxic Debris\n|-sidestart|p1: Robeadminchiam|move: Toxic Spikes\n|faint|p2a: Glimmora\n|\n|upkeep\n|\n|t:|1776860110\n|switch|p2a: Espathra|Espathra, L50, F, shiny|100/100\n|turn|3\n|\n|t:|1776860113\n|move|p2a: Espathra|Protect|p2a: Espathra\n|-singleturn|p2a: Espathra|Protect\n|move|p1a: Dragonite|Dragon Dance|p1a: Dragonite\n|-boost|p1a: Dragonite|atk|1\n|-boost|p1a: Dragonite|spe|1\n|\n|-ability|p2a: Espathra|Speed Boost|boost\n|-boost|p2a: Espathra|spe|1\n|upkeep\n|turn|4\n|\n|t:|1776860121\n|move|p1a: Dragonite|Outrage|p2a: Espathra\n|-damage|p2a: Espathra|12/100\n|-enditem|p2a: Espathra|Sitrus Berry|[eat]\n|-heal|p2a: Espathra|37/100|[from] item: Sitrus Berry\n|move|p2a: Espathra|Lumina Crash|p1a: Dragonite\n|-damage|p1a: Dragonite|22/100\n|-unboost|p1a: Dragonite|spd|2\n|\n|-ability|p2a: Espathra|Speed Boost|boost\n|-boost|p2a: Espathra|spe|1\n|upkeep\n|turn|5\n|\n|t:|1776860140\n|move|p2a: Espathra|Protect|p2a: Espathra\n|-singleturn|p2a: Espathra|Protect\n|move|p1a: Dragonite|Outrage|p2a: Espathra|[from] lockedmove\n|-activate|p2a: Espathra|move: Protect\n|-start|p1a: Dragonite|confusion|[fatigue]\n|-enditem|p1a: Dragonite|Lum Berry|[eat]\n|-end|p1a: Dragonite|confusion\n|\n|-ability|p2a: Espathra|Speed Boost|boost\n|-boost|p2a: Espathra|spe|1\n|upkeep\n|turn|6\n|\n|t:|1776860146\n|move|p1a: Dragonite|Extreme Speed|p2a: Espathra\n|-damage|p2a: Espathra|2/100\n|move|p2a: Espathra|Baton Pass|p2a: Espathra\n|\n|t:|1776860151\n|switch|p2a: Clefable|Clefable, L50, M, shiny|100/100|[from] Baton Pass\n|\n|upkeep\n|turn|7\n|\n|t:|1776860161\n|detailschange|p2a: Clefable|Clefable-Mega, L50, M, shiny\n|-mega|p2a: Clefable|Clefable|Clefablite\n|move|p2a: Clefable|Cosmic Power|p2a: Clefable\n|-boost|p2a: Clefable|def|1\n|-boost|p2a: Clefable|spd|1\n|move|p1a: Dragonite|Earthquake|p2a: Clefable\n|-immune|p2a: Clefable\n|\n|upkeep\n|turn|8\n|\n|t:|1776860171\n|move|p1a: Dragonite|Extreme Speed|p2a: Clefable\n|-damage|p2a: Clefable|81/100\n|move|p2a: Clefable|Moonblast|p1a: Dragonite\n|-supereffective|p1a: Dragonite|1\n|-damage|p1a: Dragonite|0 fnt\n|faint|p1a: Dragonite\n|\n|upkeep\n|\n|t:|1776860180\n|switch|p1a: Mimikyu|Mimikyu, L50, F|100/100\n|-status|p1a: Mimikyu|tox\n|turn|9\n|\n|t:|1776860184\n|move|p2a: Clefable|Stored Power|p1a: Mimikyu\n|-activate|p1a: Mimikyu|ability: Disguise\n|-damage|p1a: Mimikyu|100/100 tox\n|detailschange|p1a: Mimikyu|Mimikyu-Busted, L50, F\n|-damage|p1a: Mimikyu|88/100 tox|[from] pokemon: Mimikyu-Busted\n|move|p1a: Mimikyu|Swords Dance|p1a: Mimikyu\n|-boost|p1a: Mimikyu|atk|2\n|\n|-heal|p1a: Mimikyu|94/100 tox|[from] item: Leftovers\n|-damage|p1a: Mimikyu|88/100 tox|[from] psn\n|upkeep\n|turn|10\n|\n|t:|1776860200\n|move|p2a: Clefable|Cosmic Power|p2a: Clefable\n|-boost|p2a: Clefable|def|1\n|-boost|p2a: Clefable|spd|1\n|move|p1a: Mimikyu|Play Rough|p2a: Clefable\n|-damage|p2a: Clefable|57/100\n|\n|-heal|p1a: Mimikyu|94/100 tox|[from] item: Leftovers\n|-damage|p1a: Mimikyu|82/100 tox|[from] psn\n|upkeep\n|turn|11\n|\n|t:|1776860207\n|move|p2a: Clefable|Moonlight|p2a: Clefable\n|-heal|p2a: Clefable|100/100\n|move|p1a: Mimikyu|Play Rough|p2a: Clefable\n|-damage|p2a: Clefable|76/100\n|\n|-heal|p1a: Mimikyu|88/100 tox|[from] item: Leftovers\n|-damage|p1a: Mimikyu|70/100 tox|[from] psn\n|upkeep\n|turn|12\n|-message|Robeadminchiam forfeited.\n|\n|win|BBBkty\n|raw|Robeadminchiam's rating: 1244 &rarr; <strong>1215</strong><br />(-29 for losing)\n|raw|BBBkty's rating: 1185 &rarr; <strong>1214</strong><br />(+29 for winning)\n|l|\u2606Robeadminchiam\n|player|p1|\n", "uploadtime": 1776860213, "views": 2, "formatid": "gen9championsbssregma", "rating": 1214, "private": 0, "password": null}