{"id": "gen9championsbssregma-2590533262", "format": "[Gen 9 Champions] BSS Reg M-A", "players": ["Jean-Raoul Scoot", "korean noob"], "log": "|j|\u2606Jean-Raoul Scoot\n|j|\u2606korean noob\n|t:|1776818595\n|gametype|singles\n|player|p1|Jean-Raoul Scoot|bugcatcher-gen4dp|1374\n|player|p2|korean noob|265|1345\n|gen|9\n|tier|[Gen 9 Champions] BSS Reg M-A\n|rated|\n|rule|Species Clause: Limit one of each Pok\u00e9mon\n|rule|Item Clause: Limit 1 of each item\n|clearpoke\n|poke|p1|Corviknight, L50, M|\n|poke|p1|Glimmora, L50, F|\n|poke|p1|Dragonite, L50, F, shiny|\n|poke|p1|Mimikyu, L50, F|\n|poke|p1|Bellibolt, L50, F|\n|poke|p1|Meowscarada, L50, F|\n|poke|p2|Pelipper, L50, M, shiny|\n|poke|p2|Basculegion, L50, M, shiny|\n|poke|p2|Archaludon, L50, F, shiny|\n|poke|p2|Garchomp, L50, F, shiny|\n|poke|p2|Meganium, L50, M, shiny|\n|poke|p2|Lucario, L50, F, shiny|\n|teampreview|3\n|inactive|Battle timer is ON: inactive players will automatically lose when time's up. (requested by korean noob)\n|inactive|Jean-Raoul Scoot has 60 seconds left.\n|inactive|korean noob has 60 seconds left.\n|inactive|Jean-Raoul Scoot has 30 seconds left.\n|\n|t:|1776818657\n|teamsize|p1|3\n|teamsize|p2|3\n|start\n|switch|p1a: Glimmora|Glimmora, L50, F|100/100\n|switch|p2a: Pelipper|Pelipper, L50, M, shiny|100/100\n|-weather|RainDance|[from] ability: Drizzle|[of] p2a: Pelipper\n|turn|1\n|\n|t:|1776818669\n|move|p1a: Glimmora|Power Gem|p2a: Pelipper\n|-supereffective|p2a: Pelipper|1\n|-enditem|p2a: Pelipper|Focus Sash\n|-damage|p2a: Pelipper|1/100\n|move|p2a: Pelipper|Surf|p1a: Glimmora\n|-supereffective|p1a: Glimmora|1\n|-enditem|p1a: Glimmora|Focus Sash\n|-damage|p1a: Glimmora|1/100\n|\n|-weather|RainDance|[upkeep]\n|upkeep\n|turn|2\n|\n|t:|1776818682\n|switch|p2a: Archaludon|Archaludon, L50, F, shiny|100/100\n|move|p1a: Glimmora|Power Gem|p2a: Archaludon\n|-resisted|p2a: Archaludon|1\n|-damage|p2a: Archaludon|73/100\n|-ability|p2a: Archaludon|Stamina|boost\n|-boost|p2a: Archaludon|def|1\n|\n|-weather|RainDance|[upkeep]\n|upkeep\n|turn|3\n|\n|t:|1776818689\n|move|p1a: Glimmora|Mud Shot|p2a: Archaludon\n|-supereffective|p2a: Archaludon|1\n|-damage|p2a: Archaludon|22/100\n|-unboost|p2a: Archaludon|spe|1\n|-ability|p2a: Archaludon|Stamina|boost\n|-boost|p2a: Archaludon|def|1\n|-enditem|p2a: Archaludon|Sitrus Berry|[eat]\n|-heal|p2a: Archaludon|47/100|[from] item: Sitrus Berry\n|move|p2a: Archaludon|Electro Shot||[still]\n|-prepare|p2a: Archaludon|Electro Shot\n|-boost|p2a: Archaludon|spa|1\n|-anim|p2a: Archaludon|Electro Shot|p1a: Glimmora\n|-damage|p1a: Glimmora|0 fnt\n|faint|p1a: Glimmora\n|\n|-weather|RainDance|[upkeep]\n|upkeep\n|\n|t:|1776818698\n|switch|p1a: Bellibolt|Bellibolt, L50, F|100/100\n|turn|4\n|\n|t:|1776818717\n|move|p2a: Archaludon|Draco Meteor|p1a: Bellibolt\n|-damage|p1a: Bellibolt|32/100\n|-unboost|p2a: Archaludon|spa|2\n|-start|p1a: Bellibolt|Charge|Draco Meteor|[from] ability: Electromorphosis\n|-enditem|p1a: Bellibolt|Sitrus Berry|[eat]\n|-heal|p1a: Bellibolt|57/100|[from] item: Sitrus Berry\n|move|p1a: Bellibolt|Soak|p2a: Archaludon\n|-start|p2a: Archaludon|typechange|Water\n|\n|-weather|RainDance|[upkeep]\n|upkeep\n|turn|5\n|\n|t:|1776818729\n|switch|p2a: Pelipper|Pelipper, L50, M, shiny|1/100\n|move|p1a: Bellibolt|Parabolic Charge|p2a: Pelipper\n|-supereffective|p2a: Pelipper|2\n|-damage|p2a: Pelipper|0 fnt\n|-heal|p1a: Bellibolt|57/100|[from] drain|[of] p2a: Pelipper\n|faint|p2a: Pelipper\n|-end|p1a: Bellibolt|Charge|[silent]\n|\n|-weather|none\n|upkeep\n|\n|t:|1776818736\n|switch|p2a: Archaludon|Archaludon, L50, F, shiny|47/100\n|turn|6\n|\n|t:|1776818740\n|move|p2a: Archaludon|Draco Meteor|p1a: Bellibolt\n|-damage|p1a: Bellibolt|6/100\n|-unboost|p2a: Archaludon|spa|2\n|-start|p1a: Bellibolt|Charge|Draco Meteor|[from] ability: Electromorphosis\n|move|p1a: Bellibolt|Slack Off|p1a: Bellibolt\n|-heal|p1a: Bellibolt|56/100\n|\n|upkeep\n|turn|7\n|\n|t:|1776818745\n|switch|p2a: Lucario|Lucario, L50, F, shiny|100/100\n|move|p1a: Bellibolt|Slack Off|p1a: Bellibolt\n|-heal|p1a: Bellibolt|100/100\n|\n|upkeep\n|turn|8\n|\n|t:|1776818751\n|detailschange|p2a: Lucario|Lucario-Mega, L50, F, shiny\n|-mega|p2a: Lucario|Lucario|Lucarionite\n|move|p2a: Lucario|Swords Dance|p2a: Lucario\n|-boost|p2a: Lucario|atk|2\n|move|p1a: Bellibolt|Parabolic Charge|p2a: Lucario\n|-damage|p2a: Lucario|20/100\n|-end|p1a: Bellibolt|Charge|[silent]\n|\n|upkeep\n|turn|9\n|\n|t:|1776818761\n|move|p2a: Lucario|Close Combat|p1a: Bellibolt\n|-damage|p1a: Bellibolt|0 fnt\n|-unboost|p2a: Lucario|def|1\n|-unboost|p2a: Lucario|spd|1\n|faint|p1a: Bellibolt\n|\n|upkeep\n|\n|t:|1776818764\n|switch|p1a: Meowscarada|Meowscarada, L50, F|100/100\n|turn|10\n|\n|t:|1776818779\n|move|p1a: Meowscarada|Triple Axel|p2a: Lucario\n|-start|p1a: Meowscarada|typechange|Ice|[from] ability: Protean\n|-resisted|p2a: Lucario|1\n|-damage|p2a: Lucario|11/100\n|-resisted|p2a: Lucario|1\n|-damage|p2a: Lucario|0 fnt\n|faint|p2a: Lucario\n|-hitcount|p2: Lucario|2\n|\n|upkeep\n|\n|t:|1776818781\n|switch|p2a: Archaludon|Archaludon, L50, F, shiny|47/100\n|turn|11\n|\n|t:|1776818788\n|move|p1a: Meowscarada|Triple Axel|p2a: Archaludon\n|-damage|p2a: Archaludon|40/100\n|-ability|p2a: Archaludon|Stamina|boost\n|-boost|p2a: Archaludon|def|1\n|-damage|p2a: Archaludon|30/100\n|-ability|p2a: Archaludon|Stamina|boost\n|-boost|p2a: Archaludon|def|1\n|-damage|p2a: Archaludon|19/100\n|-ability|p2a: Archaludon|Stamina|boost\n|-boost|p2a: Archaludon|def|1\n|-hitcount|p2a: Archaludon|3\n|move|p2a: Archaludon|Flash Cannon|p1a: Meowscarada\n|-supereffective|p1a: Meowscarada|1\n|-damage|p1a: Meowscarada|0 fnt\n|faint|p1a: Meowscarada\n|\n|win|korean noob\n|raw|Jean-Raoul Scoot's rating: 1374 &rarr; <strong>1352</strong><br />(-22 for losing)\n|raw|korean noob's rating: 1345 &rarr; <strong>1367</strong><br />(+22 for winning)\n|l|\u2606korean noob\n|player|p2|\n|l|\u2606Jean-Raoul Scoot\n|player|p1|\n|j|\u2606korean noob\n|player|p2|korean noob|265|\n|l|\u2606korean noob\n|player|p2|\n", "uploadtime": 1776819795, "views": 6, "formatid": "gen9championsbssregma", "rating": 1352, "private": 0, "password": null}