{"id": "gen9championsbssregma-2590846653", "format": "[Gen 9 Champions] BSS Reg M-A", "players": ["st1test", "korean noob"], "log": "|j|\u2606st1test\n|j|\u2606korean noob\n|t:|1776854310\n|gametype|singles\n|player|p1|st1test|unknownf|1352\n|player|p2|korean noob|169|1380\n|gen|9\n|tier|[Gen 9 Champions] BSS Reg M-A\n|rated|\n|rule|Species Clause: Limit one of each Pok\u00e9mon\n|rule|Item Clause: Limit 1 of each item\n|clearpoke\n|poke|p1|Palafin, L50, M|\n|poke|p1|Lucario, L50, M|\n|poke|p1|Rotom-Heat, L50|\n|poke|p1|Basculegion, L50, M|\n|poke|p1|Clefable, L50, M|\n|poke|p1|Goodra-Hisui, L50, M|\n|poke|p2|Pelipper, L50, M, shiny|\n|poke|p2|Basculegion, L50, M, shiny|\n|poke|p2|Archaludon, L50, F, shiny|\n|poke|p2|Garchomp, L50, M, shiny|\n|poke|p2|Meganium, L50, M, shiny|\n|poke|p2|Lucario, L50, M, shiny|\n|teampreview|3\n|inactive|Battle timer is ON: inactive players will automatically lose when time's up. (requested by korean noob)\n|inactive|st1test also wants the timer to be on.\n|inactive|korean noob has 60 seconds left.\n|inactive|st1test has 60 seconds left.\n|\n|t:|1776854359\n|teamsize|p1|3\n|teamsize|p2|3\n|start\n|switch|p1a: Palafin|Palafin, L50, M|100/100\n|switch|p2a: Pelipper|Pelipper, L50, M, shiny|100/100\n|-weather|RainDance|[from] ability: Drizzle|[of] p2a: Pelipper\n|turn|1\n|\n|t:|1776854376\n|move|p1a: Palafin|Jet Punch|p2a: Pelipper\n|-resisted|p2a: Pelipper|1\n|-damage|p2a: Pelipper|75/100\n|move|p2a: Pelipper|U-turn|p1a: Palafin\n|-damage|p1a: Palafin|92/100\n|\n|t:|1776854378\n|switch|p2a: Archaludon|Archaludon, L50, F, shiny|100/100|[from] U-turn\n|\n|-weather|RainDance|[upkeep]\n|upkeep\n|turn|2\n|\n|t:|1776854389\n|detailschange|p1a: Palafin|Palafin-Hero, L50, M\n|switch|p1a: Goodra|Goodra-Hisui, L50, M|100/100\n|move|p2a: Archaludon|Electro Shot||[still]\n|-prepare|p2a: Archaludon|Electro Shot\n|-boost|p2a: Archaludon|spa|1\n|-anim|p2a: Archaludon|Electro Shot|p1a: Goodra\n|-resisted|p1a: Goodra|1\n|-damage|p1a: Goodra|81/100\n|\n|-weather|RainDance|[upkeep]\n|upkeep\n|turn|3\n|\n|t:|1776854402\n|move|p2a: Archaludon|Electro Shot||[still]\n|-prepare|p2a: Archaludon|Electro Shot\n|-boost|p2a: Archaludon|spa|1\n|-anim|p2a: Archaludon|Electro Shot|p1a: Goodra\n|-resisted|p1a: Goodra|1\n|-damage|p1a: Goodra|55/100\n|move|p1a: Goodra|Draco Meteor|p2a: Archaludon\n|-damage|p2a: Archaludon|28/100\n|-unboost|p1a: Goodra|spa|2\n|-ability|p2a: Archaludon|Stamina|boost\n|-boost|p2a: Archaludon|def|1\n|-enditem|p2a: Archaludon|Sitrus Berry|[eat]\n|-heal|p2a: Archaludon|52/100|[from] item: Sitrus Berry\n|\n|-weather|RainDance|[upkeep]\n|upkeep\n|turn|4\n|\n|t:|1776854420\n|move|p2a: Archaludon|Aura Sphere|p1a: Goodra\n|-supereffective|p1a: Goodra|1\n|-damage|p1a: Goodra|0 fnt\n|faint|p1a: Goodra\n|\n|-weather|RainDance|[upkeep]\n|upkeep\n|\n|t:|1776854427\n|switch|p1a: Lucario|Lucario, L50, M|100/100\n|turn|5\n|\n|t:|1776854431\n|detailschange|p1a: Lucario|Lucario-Mega, L50, M\n|-mega|p1a: Lucario|Lucario|Lucarionite\n|move|p1a: Lucario|Close Combat|p2a: Archaludon\n|-supereffective|p2a: Archaludon|1\n|-damage|p2a: Archaludon|0 fnt\n|-unboost|p1a: Lucario|def|1\n|-unboost|p1a: Lucario|spd|1\n|faint|p2a: Archaludon\n|\n|-weather|none\n|upkeep\n|inactive|korean noob has 30 seconds left.\n|\n|t:|1776854458\n|switch|p2a: Lucario|Lucario, L50, M, shiny|100/100\n|turn|6\n|\n|t:|1776854476\n|detailschange|p2a: Lucario|Lucario-Mega, L50, M, shiny\n|-mega|p2a: Lucario|Lucario|Lucarionite\n|move|p1a: Lucario|Close Combat|p2a: Lucario\n|-supereffective|p2a: Lucario|1\n|-damage|p2a: Lucario|0 fnt\n|-unboost|p1a: Lucario|def|1\n|-unboost|p1a: Lucario|spd|1\n|faint|p2a: Lucario\n|\n|upkeep\n|\n|t:|1776854480\n|switch|p2a: Pelipper|Pelipper, L50, M, shiny|75/100\n|-weather|RainDance|[from] ability: Drizzle|[of] p2a: Pelipper\n|turn|7\n|\n|t:|1776854487\n|move|p1a: Lucario|Close Combat|p2a: Pelipper\n|-resisted|p2a: Pelipper|1\n|-damage|p2a: Pelipper|18/100\n|-unboost|p1a: Lucario|def|1\n|-unboost|p1a: Lucario|spd|1\n|move|p2a: Pelipper|Hurricane|p1a: Lucario\n|-damage|p1a: Lucario|0 fnt\n|faint|p1a: Lucario\n|\n|-weather|RainDance|[upkeep]\n|upkeep\n|\n|t:|1776854496\n|switch|p1a: Palafin|Palafin-Hero, L50, M|92/100\n|-activate|p1a: Palafin|ability: Zero to Hero\n|turn|8\n|\n|t:|1776854500\n|move|p1a: Palafin|Jet Punch|p2a: Pelipper\n|-resisted|p2a: Pelipper|1\n|-damage|p2a: Pelipper|0 fnt\n|faint|p2a: Pelipper\n|\n|win|st1test\n|raw|st1test's rating: 1352 &rarr; <strong>1374</strong><br />(+22 for winning)\n|raw|korean noob's rating: 1380 &rarr; <strong>1358</strong><br />(-22 for losing)\n|l|\u2606korean noob\n|player|p2|\n", "uploadtime": 1776854510, "views": 3, "formatid": "gen9championsbssregma", "rating": 1358, "private": 0, "password": null}