{"id": "gen9championsbssregma-2594387848", "format": "[Gen 9 Champions] BSS Reg M-A", "players": ["zakokr", "kerom.pk"], "log": "|j|\u2606zakokr\n|j|\u203dkerom.pk\n|t:|1777189936\n|gametype|singles\n|player|p1|zakokr|silver|1428\n|player|p2|kerom.pk|170|1447\n|gen|9\n|tier|[Gen 9 Champions] BSS Reg M-A\n|rated|\n|rule|Species Clause: Limit one of each Pok\u00e9mon\n|rule|Item Clause: Limit 1 of each item\n|clearpoke\n|poke|p1|Chimecho, L50, M|\n|poke|p1|Meowscarada, L50, F|\n|poke|p1|Glimmora, L50, M|\n|poke|p1|Emboar, L50, F|\n|poke|p1|Umbreon, L50, M|\n|poke|p1|Primarina, L50, M|\n|poke|p2|Basculegion, L50, M|\n|poke|p2|Chesnaught, L50, F|\n|poke|p2|Slowking-Galar, L50, F|\n|poke|p2|Lopunny, L50, M|\n|poke|p2|Hippowdon, L50, F|\n|poke|p2|Skeledirge, L50, F|\n|teampreview|3\n|inactive|Battle timer is ON: inactive players will automatically lose when time's up. (requested by kerom.pk)\n|inactive|kerom.pk has 60 seconds left.\n|\n|t:|1777189990\n|teamsize|p1|3\n|teamsize|p2|3\n|start\n|switch|p1a: Primarina|Primarina, L50, M|100/100\n|switch|p2a: Basculegion|Basculegion, L50, M|100/100\n|turn|1\n|\n|t:|1777190004\n|move|p2a: Basculegion|Flip Turn|p1a: Primarina\n|-resisted|p1a: Primarina|1\n|-damage|p1a: Primarina|79/100\n|\n|t:|1777190007\n|switch|p2a: Slowking|Slowking-Galar, L50, F|100/100|[from] Flip Turn\n|move|p1a: Primarina|Sparkling Aria|p2a: Slowking\n|-damage|p2a: Slowking|73/100\n|\n|upkeep\n|turn|2\n|\n|t:|1777190024\n|move|p1a: Primarina|Sparkling Aria|p2a: Slowking\n|-damage|p2a: Slowking|49/100\n|-prepare|p2a: Slowking|Chilly Reception|[premajor]\n|move|p2a: Slowking|Chilly Reception|p2a: Slowking\n|-weather|Snowscape\n|\n|t:|1777190026\n|-heal|p2a: Slowking|82/100|[from] ability: Regenerator|[silent]\n|switch|p2a: Basculegion|Basculegion, L50, M|100/100|[from] Chilly Reception\n|\n|-weather|Snowscape|[upkeep]\n|upkeep\n|turn|3\n|\n|t:|1777190042\n|move|p2a: Basculegion|Flip Turn|p1a: Primarina\n|-resisted|p1a: Primarina|1\n|-damage|p1a: Primarina|55/100\n|\n|t:|1777190044\n|switch|p2a: Slowking|Slowking-Galar, L50, F|82/100|[from] Flip Turn\n|move|p1a: Primarina|Moonblast|p2a: Slowking\n|-resisted|p2a: Slowking|1\n|-damage|p2a: Slowking|70/100\n|\n|-weather|Snowscape|[upkeep]\n|upkeep\n|turn|4\n|\n|t:|1777190054\n|switch|p1a: Umbreon|Umbreon, L50, M|100/100\n|move|p2a: Slowking|Slack Off|p2a: Slowking\n|-heal|p2a: Slowking|100/100\n|\n|-weather|Snowscape|[upkeep]\n|upkeep\n|turn|5\n|\n|t:|1777190064\n|move|p1a: Umbreon|Yawn|p2a: Slowking\n|-start|p2a: Slowking|move: Yawn|[of] p1a: Umbreon\n|-prepare|p2a: Slowking|Chilly Reception|[premajor]\n|move|p2a: Slowking|Chilly Reception|p2a: Slowking\n|\n|t:|1777190068\n|switch|p2a: Skeledirge|Skeledirge, L50, F|100/100|[from] Chilly Reception\n|\n|-weather|Snowscape|[upkeep]\n|upkeep\n|turn|6\n|\n|t:|1777190081\n|move|p2a: Skeledirge|Will-O-Wisp|p1a: Umbreon|[miss]\n|-miss|p2a: Skeledirge|p1a: Umbreon\n|move|p1a: Umbreon|Yawn|p2a: Skeledirge\n|-start|p2a: Skeledirge|move: Yawn|[of] p1a: Umbreon\n|\n|-weather|none\n|upkeep\n|turn|7\n|\n|t:|1777190090\n|switch|p2a: Slowking|Slowking-Galar, L50, F|100/100\n|switch|p1a: Chimecho|Chimecho, L50, M|100/100\n|\n|upkeep\n|turn|8\n|\n|t:|1777190108\n|detailschange|p1a: Chimecho|Chimecho-Mega, L50, M\n|-mega|p1a: Chimecho|Chimecho|Chimechite\n|move|p1a: Chimecho|Calm Mind|p1a: Chimecho\n|-boost|p1a: Chimecho|spa|1\n|-boost|p1a: Chimecho|spd|1\n|-prepare|p2a: Slowking|Chilly Reception|[premajor]\n|move|p2a: Slowking|Chilly Reception|p2a: Slowking\n|-weather|Snowscape\n|\n|t:|1777190113\n|switch|p2a: Skeledirge|Skeledirge, L50, F|100/100|[from] Chilly Reception\n|\n|-weather|Snowscape|[upkeep]\n|upkeep\n|turn|9\n|\n|t:|1777190129\n|move|p1a: Chimecho|Stored Power|p2a: Skeledirge\n|-damage|p2a: Skeledirge|69/100\n|move|p2a: Skeledirge|Torch Song|p1a: Chimecho\n|-supereffective|p1a: Chimecho|1\n|-damage|p1a: Chimecho|52/100\n|-boost|p2a: Skeledirge|spa|1\n|\n|-weather|Snowscape|[upkeep]\n|upkeep\n|turn|10\n|\n|t:|1777190140\n|switch|p1a: Primarina|Primarina, L50, M|55/100\n|move|p2a: Skeledirge|Slack Off|p2a: Skeledirge\n|-heal|p2a: Skeledirge|100/100\n|\n|-weather|Snowscape|[upkeep]\n|upkeep\n|turn|11\n|\n|t:|1777190149\n|switch|p2a: Slowking|Slowking-Galar, L50, F|100/100\n|switch|p1a: Chimecho|Chimecho-Mega, L50, M|52/100\n|\n|-weather|Snowscape|[upkeep]\n|upkeep\n|turn|12\n|\n|t:|1777190160\n|move|p1a: Chimecho|Recover|p1a: Chimecho\n|-heal|p1a: Chimecho|100/100\n|-prepare|p2a: Slowking|Chilly Reception|[premajor]\n|move|p2a: Slowking|Chilly Reception|p2a: Slowking\n|\n|t:|1777190162\n|switch|p2a: Skeledirge|Skeledirge, L50, F|100/100|[from] Chilly Reception\n|\n|-weather|none\n|upkeep\n|turn|13\n|\n|t:|1777190176\n|move|p1a: Chimecho|Stored Power|p2a: Skeledirge\n|-damage|p2a: Skeledirge|89/100\n|move|p2a: Skeledirge|Will-O-Wisp|p1a: Chimecho|[miss]\n|-miss|p2a: Skeledirge|p1a: Chimecho\n|\n|upkeep\n|turn|14\n|\n|t:|1777190185\n|switch|p1a: Primarina|Primarina, L50, M|55/100\n|move|p2a: Skeledirge|Will-O-Wisp|p1a: Primarina\n|-status|p1a: Primarina|brn\n|\n|-damage|p1a: Primarina|49/100 brn|[from] brn\n|upkeep\n|-enditem|p1a: Primarina|Sitrus Berry|[eat]\n|-heal|p1a: Primarina|74/100 brn|[from] item: Sitrus Berry\n|turn|15\n|\n|t:|1777190196\n|switch|p2a: Slowking|Slowking-Galar, L50, F|100/100\n|move|p1a: Primarina|Sparkling Aria|p2a: Slowking\n|-damage|p2a: Slowking|73/100\n|\n|-damage|p1a: Primarina|68/100 brn|[from] brn\n|upkeep\n|turn|16\n|\n|t:|1777190208\n|switch|p1a: Umbreon|Umbreon, L50, M|100/100\n|-prepare|p2a: Slowking|Chilly Reception|[premajor]\n|move|p2a: Slowking|Chilly Reception|p2a: Slowking\n|-weather|Snowscape\n|\n|t:|1777190211\n|-heal|p2a: Slowking|100/100|[from] ability: Regenerator|[silent]\n|switch|p2a: Skeledirge|Skeledirge, L50, F|89/100|[from] Chilly Reception\n|\n|-weather|Snowscape|[upkeep]\n|upkeep\n|turn|17\n|\n|t:|1777190221\n|switch|p1a: Primarina|Primarina, L50, M|68/100 brn\n|move|p2a: Skeledirge|Will-O-Wisp|p1a: Primarina\n|-fail|p1a: Primarina|brn\n|\n|-weather|Snowscape|[upkeep]\n|-damage|p1a: Primarina|62/100 brn|[from] brn\n|upkeep\n|turn|18\n|\n|t:|1777190231\n|switch|p2a: Slowking|Slowking-Galar, L50, F|100/100\n|switch|p1a: Chimecho|Chimecho-Mega, L50, M|100/100\n|\n|-weather|Snowscape|[upkeep]\n|upkeep\n|turn|19\n|\n|t:|1777190239\n|move|p1a: Chimecho|Calm Mind|p1a: Chimecho\n|-boost|p1a: Chimecho|spa|1\n|-boost|p1a: Chimecho|spd|1\n|-prepare|p2a: Slowking|Chilly Reception|[premajor]\n|move|p2a: Slowking|Chilly Reception|p2a: Slowking\n|\n|t:|1777190243\n|switch|p2a: Skeledirge|Skeledirge, L50, F|89/100|[from] Chilly Reception\n|\n|-weather|Snowscape|[upkeep]\n|upkeep\n|turn|20\n|\n|t:|1777190250\n|move|p1a: Chimecho|Stored Power|p2a: Skeledirge\n|-damage|p2a: Skeledirge|60/100\n|move|p2a: Skeledirge|Torch Song|p1a: Chimecho\n|-supereffective|p1a: Chimecho|1\n|-damage|p1a: Chimecho|49/100\n|-boost|p2a: Skeledirge|spa|1\n|\n|-weather|none\n|upkeep\n|turn|21\n|\n|t:|1777190261\n|move|p1a: Chimecho|Recover|p1a: Chimecho\n|-heal|p1a: Chimecho|99/100\n|move|p2a: Skeledirge|Slack Off|p2a: Skeledirge\n|-heal|p2a: Skeledirge|100/100\n|\n|upkeep\n|turn|22\n|\n|t:|1777190268\n|move|p1a: Chimecho|Encore|p2a: Skeledirge\n|-start|p2a: Skeledirge|Encore\n|move|p2a: Skeledirge|Slack Off||[still]\n|-fail|p2a: Skeledirge|heal\n|\n|upkeep\n|turn|23\n|\n|t:|1777190274\n|switch|p2a: Slowking|Slowking-Galar, L50, F|100/100\n|move|p1a: Chimecho|Calm Mind|p1a: Chimecho\n|-boost|p1a: Chimecho|spa|1\n|-boost|p1a: Chimecho|spd|1\n|\n|upkeep\n|turn|24\n|\n|t:|1777190284\n|move|p1a: Chimecho|Stored Power|p2a: Slowking\n|-damage|p2a: Slowking|40/100\n|-prepare|p2a: Slowking|Chilly Reception|[premajor]\n|move|p2a: Slowking|Chilly Reception|p2a: Slowking\n|-weather|Snowscape\n|\n|t:|1777190290\n|-heal|p2a: Slowking|73/100|[from] ability: Regenerator|[silent]\n|switch|p2a: Skeledirge|Skeledirge, L50, F|100/100|[from] Chilly Reception\n|\n|-weather|Snowscape|[upkeep]\n|upkeep\n|turn|25\n|\n|t:|1777190298\n|move|p1a: Chimecho|Stored Power|p2a: Skeledirge\n|-damage|p2a: Skeledirge|54/100\n|move|p2a: Skeledirge|Torch Song|p1a: Chimecho\n|-supereffective|p1a: Chimecho|1\n|-damage|p1a: Chimecho|46/100\n|-boost|p2a: Skeledirge|spa|1\n|\n|-weather|Snowscape|[upkeep]\n|upkeep\n|turn|26\n|\n|t:|1777190313\n|move|p1a: Chimecho|Stored Power|p2a: Skeledirge\n|-damage|p2a: Skeledirge|3/100\n|move|p2a: Skeledirge|Slack Off|p2a: Skeledirge\n|-heal|p2a: Skeledirge|54/100\n|\n|-weather|Snowscape|[upkeep]\n|upkeep\n|turn|27\n|\n|t:|1777190321\n|move|p1a: Chimecho|Stored Power|p2a: Skeledirge\n|-damage|p2a: Skeledirge|2/100\n|move|p2a: Skeledirge|Torch Song|p1a: Chimecho\n|-supereffective|p1a: Chimecho|1\n|-damage|p1a: Chimecho|0 fnt\n|-boost|p2a: Skeledirge|spa|1\n|faint|p1a: Chimecho\n|\n|-weather|Snowscape|[upkeep]\n|upkeep\n|\n|t:|1777190335\n|switch|p1a: Primarina|Primarina, L50, M|62/100 brn\n|turn|28\n|\n|t:|1777190344\n|switch|p2a: Slowking|Slowking-Galar, L50, F|73/100\n|move|p1a: Primarina|Sparkling Aria|p2a: Slowking\n|-damage|p2a: Slowking|46/100\n|\n|-weather|none\n|-damage|p1a: Primarina|56/100 brn|[from] brn\n|upkeep\n|turn|29\n|\n|t:|1777190355\n|move|p1a: Primarina|Sparkling Aria|p2a: Slowking\n|-damage|p2a: Slowking|19/100\n|move|p2a: Slowking|Slack Off|p2a: Slowking\n|-heal|p2a: Slowking|69/100\n|\n|-damage|p1a: Primarina|50/100g brn|[from] brn\n|upkeep\n|turn|30\n|\n|t:|1777190366\n|move|p1a: Primarina|Sparkling Aria|p2a: Slowking\n|-damage|p2a: Slowking|44/100\n|-prepare|p2a: Slowking|Chilly Reception|[premajor]\n|move|p2a: Slowking|Chilly Reception|p2a: Slowking\n|-weather|Snowscape\n|\n|t:|1777190369\n|-heal|p2a: Slowking|77/100|[from] ability: Regenerator|[silent]\n|switch|p2a: Basculegion|Basculegion, L50, M|100/100|[from] Chilly Reception\n|\n|-weather|Snowscape|[upkeep]\n|-damage|p1a: Primarina|44/100 brn|[from] brn\n|upkeep\n|turn|31\n|\n|t:|1777190384\n|move|p2a: Basculegion|Flip Turn|p1a: Primarina\n|-resisted|p1a: Primarina|1\n|-damage|p1a: Primarina|21/100 brn\n|\n|t:|1777190387\n|switch|p2a: Slowking|Slowking-Galar, L50, F|77/100|[from] Flip Turn\n|move|p1a: Primarina|Moonblast|p2a: Slowking\n|-resisted|p2a: Slowking|1\n|-damage|p2a: Slowking|64/100\n|\n|-weather|Snowscape|[upkeep]\n|-damage|p1a: Primarina|15/100 brn|[from] brn\n|upkeep\n|turn|32\n|\n|t:|1777190397\n|move|p1a: Primarina|Sparkling Aria|p2a: Slowking\n|-damage|p2a: Slowking|25/100\n|-prepare|p2a: Slowking|Chilly Reception|[premajor]\n|move|p2a: Slowking|Chilly Reception|p2a: Slowking\n|\n|t:|1777190400\n|-heal|p2a: Slowking|58/100|[from] ability: Regenerator|[silent]\n|switch|p2a: Basculegion|Basculegion, L50, M|100/100|[from] Chilly Reception\n|\n|-weather|Snowscape|[upkeep]\n|-damage|p1a: Primarina|9/100 brn|[from] brn\n|upkeep\n|turn|33\n|\n|t:|1777190416\n|switch|p1a: Umbreon|Umbreon, L50, M|100/100\n|move|p2a: Basculegion|Flip Turn|p1a: Umbreon\n|-damage|p1a: Umbreon|75/100\n|\n|t:|1777190422\n|switch|p2a: Skeledirge|Skeledirge, L50, F|2/100|[from] Flip Turn\n|\n|-weather|Snowscape|[upkeep]\n|-heal|p1a: Umbreon|81/100|[from] item: Leftovers\n|upkeep\n|turn|34\n|\n|t:|1777190429\n|move|p2a: Skeledirge|Will-O-Wisp|p1a: Umbreon\n|-status|p1a: Umbreon|brn\n|-activate|p1a: Umbreon|ability: Synchronize\n|-immune|p2a: Skeledirge\n|move|p1a: Umbreon|Foul Play|p2a: Skeledirge\n|-supereffective|p2a: Skeledirge|1\n|-damage|p2a: Skeledirge|0 fnt\n|faint|p2a: Skeledirge\n|\n|-weather|none\n|-heal|p1a: Umbreon|87/100 brn|[from] item: Leftovers\n|-damage|p1a: Umbreon|81/100 brn|[from] brn\n|upkeep\n|\n|t:|1777190438\n|switch|p2a: Slowking|Slowking-Galar, L50, F|58/100\n|turn|35\n|\n|t:|1777190448\n|move|p1a: Umbreon|Wish|p1a: Umbreon\n|-prepare|p2a: Slowking|Chilly Reception|[premajor]\n|move|p2a: Slowking|Chilly Reception|p2a: Slowking\n|-weather|Snowscape\n|\n|t:|1777190456\n|-heal|p2a: Slowking|92/100|[from] ability: Regenerator|[silent]\n|switch|p2a: Basculegion|Basculegion, L50, M|100/100|[from] Chilly Reception\n|\n|-weather|Snowscape|[upkeep]\n|-heal|p1a: Umbreon|87/100 brn|[from] item: Leftovers\n|-damage|p1a: Umbreon|81/100 brn|[from] brn\n|upkeep\n|turn|36\n|\n|t:|1777190466\n|move|p2a: Basculegion|Flip Turn|p1a: Umbreon\n|-damage|p1a: Umbreon|58/100 brn\n|\n|t:|1777190469\n|switch|p2a: Slowking|Slowking-Galar, L50, F|92/100|[from] Flip Turn\n|move|p1a: Umbreon|Foul Play|p2a: Slowking\n|-supereffective|p2a: Slowking|1\n|-enditem|p2a: Slowking|Colbur Berry|[eat]\n|-enditem|p2a: Slowking|Colbur Berry|[weaken]\n|-damage|p2a: Slowking|80/100\n|\n|-weather|Snowscape|[upkeep]\n|-heal|p1a: Umbreon|100/100 brn|[from] move: Wish|[wisher] Umbreon\n|-damage|p1a: Umbreon|94/100 brn|[from] brn\n|upkeep\n|turn|37\n|\n|t:|1777190485\n|move|p1a: Umbreon|Protect|p1a: Umbreon\n|-singleturn|p1a: Umbreon|Protect\n|move|p2a: Slowking|Sludge Bomb|p1a: Umbreon\n|-activate|p1a: Umbreon|move: Protect\n|\n|-weather|Snowscape|[upkeep]\n|-heal|p1a: Umbreon|100/100 brn|[from] item: Leftovers\n|-damage|p1a: Umbreon|94/100 brn|[from] brn\n|upkeep\n|turn|38\n|\n|t:|1777190500\n|move|p1a: Umbreon|Wish|p1a: Umbreon\n|move|p2a: Slowking|Sludge Bomb|p1a: Umbreon\n|-damage|p1a: Umbreon|69/100 brn\n|\n|-weather|Snowscape|[upkeep]\n|-heal|p1a: Umbreon|75/100 brn|[from] item: Leftovers\n|-damage|p1a: Umbreon|69/100 brn|[from] brn\n|upkeep\n|turn|39\n|j| Taku300\n|\n|t:|1777190514\n|move|p1a: Umbreon|Foul Play|p2a: Slowking\n|-supereffective|p2a: Slowking|1\n|-damage|p2a: Slowking|59/100\n|-prepare|p2a: Slowking|Chilly Reception|[premajor]\n|move|p2a: Slowking|Chilly Reception|p2a: Slowking\n|\n|t:|1777190521\n|-heal|p2a: Slowking|92/100|[from] ability: Regenerator|[silent]\n|switch|p2a: Basculegion|Basculegion, L50, M|100/100|[from] Chilly Reception\n|\n|-weather|none\n|-heal|p1a: Umbreon|100/100 brn|[from] move: Wish|[wisher] Umbreon\n|-damage|p1a: Umbreon|94/100 brn|[from] brn\n|upkeep\n|turn|40\n|\n|t:|1777190531\n|move|p1a: Umbreon|Protect|p1a: Umbreon\n|-singleturn|p1a: Umbreon|Protect\n|move|p2a: Basculegion|Flip Turn|p1a: Umbreon\n|-activate|p1a: Umbreon|move: Protect\n|\n|-heal|p1a: Umbreon|100/100 brn|[from] item: Leftovers\n|-damage|p1a: Umbreon|94/100 brn|[from] brn\n|upkeep\n|turn|41\n|j| driflount drifloon\n|\n|t:|1777190540\n|move|p2a: Basculegion|Flip Turn|p1a: Umbreon\n|-damage|p1a: Umbreon|72/100 brn\n|\n|t:|1777190543\n|switch|p2a: Slowking|Slowking-Galar, L50, F|92/100|[from] Flip Turn\n|move|p1a: Umbreon|Foul Play|p2a: Slowking\n|-supereffective|p2a: Slowking|1\n|-damage|p2a: Slowking|70/100\n|\n|-heal|p1a: Umbreon|78/100 brn|[from] item: Leftovers\n|-damage|p1a: Umbreon|72/100 brn|[from] brn\n|upkeep\n|turn|42\n|\n|t:|1777190553\n|move|p1a: Umbreon|Wish|p1a: Umbreon\n|move|p2a: Slowking|Flamethrower|p1a: Umbreon\n|-damage|p1a: Umbreon|55/100 brn\n|\n|-heal|p1a: Umbreon|61/100 brn|[from] item: Leftovers\n|-damage|p1a: Umbreon|55/100 brn|[from] brn\n|upkeep\n|turn|43\n|inactive|zakokr has 30 seconds left.\n|\n|t:|1777190562\n|move|p1a: Umbreon|Foul Play|p2a: Slowking\n|-supereffective|p2a: Slowking|1\n|-damage|p2a: Slowking|48/100\n|move|p2a: Slowking|Flamethrower|p1a: Umbreon\n|-damage|p1a: Umbreon|40/100 brn\n|\n|-heal|p1a: Umbreon|90/100 brn|[from] move: Wish|[wisher] Umbreon\n|-heal|p1a: Umbreon|96/100 brn|[from] item: Leftovers\n|-damage|p1a: Umbreon|90/100 brn|[from] brn\n|upkeep\n|turn|44\n|inactive|zakokr has 30 seconds left this turn.\n|l| Taku300\n|inactive|zakokr has 20 seconds left.\n|\n|t:|1777190574\n|move|p1a: Umbreon|Wish|p1a: Umbreon\n|move|p2a: Slowking|Slack Off|p2a: Slowking\n|-heal|p2a: Slowking|98/100\n|\n|-heal|p1a: Umbreon|96/100 brn|[from] item: Leftovers\n|-damage|p1a: Umbreon|90/100 brn|[from] brn\n|upkeep\n|turn|45\n|inactive|zakokr has 20 seconds left this turn.\n|inactive|zakokr has 15 seconds left.\n|\n|t:|1777190582\n|move|p1a: Umbreon|Foul Play|p2a: Slowking\n|-supereffective|p2a: Slowking|1\n|-damage|p2a: Slowking|76/100\n|move|p2a: Slowking|Flamethrower|p1a: Umbreon\n|-damage|p1a: Umbreon|74/100 brn\n|\n|-heal|p1a: Umbreon|100/100 brn|[from] move: Wish|[wisher] Umbreon\n|-damage|p1a: Umbreon|94/100 brn|[from] brn\n|upkeep\n|turn|46\n|inactive|zakokr has 15 seconds left this turn.\n|inactive|zakokr has 10 seconds left.\n|inactive|zakokr has 5 seconds left.\n|\n|t:|1777190592\n|move|p1a: Umbreon|Foul Play|p2a: Slowking\n|-supereffective|p2a: Slowking|1\n|-damage|p2a: Slowking|55/100\n|-prepare|p2a: Slowking|Chilly Reception|[premajor]\n|move|p2a: Slowking|Chilly Reception|p2a: Slowking\n|-weather|Snowscape\n|\n|t:|1777190594\n|-heal|p2a: Slowking|89/100|[from] ability: Regenerator|[silent]\n|switch|p2a: Basculegion|Basculegion, L50, M|100/100|[from] Chilly Reception\n|\n|-weather|Snowscape|[upkeep]\n|-heal|p1a: Umbreon|100/100 brn|[from] item: Leftovers\n|-damage|p1a: Umbreon|94/100 brn|[from] brn\n|upkeep\n|turn|47\n|inactive|zakokr has 5 seconds left this turn.\n|-message|zakokr lost due to inactivity.\n|\n|win|kerom.pk\n|raw|zakokr's rating: 1428 &rarr; <strong>1409</strong><br />(-19 for losing)\n|raw|kerom.pk's rating: 1447 &rarr; <strong>1466</strong><br />(+19 for winning)\n|l|\u203dkerom.pk\n|player|p2|\n|l|\u2606zakokr\n|player|p1|\n", "uploadtime": 1777190733, "views": 4, "formatid": "gen9championsbssregma", "rating": 1409, "private": 0, "password": null}