{"id": "gen9championsbssregma-2591267973", "format": "[Gen 9 Champions] BSS Reg M-A", "players": ["yapapa berries", "Sn0rlaxmain"], "log": "|j|\u2606yapapa berries\n|j|\u2606Sn0rlaxmain\n|t:|1776885494\n|gametype|singles\n|player|p1|yapapa berries|2|1149\n|player|p2|Sn0rlaxmain|101|1199\n|gen|9\n|tier|[Gen 9 Champions] BSS Reg M-A\n|rated|\n|rule|Species Clause: Limit one of each Pok\u00e9mon\n|rule|Item Clause: Limit 1 of each item\n|clearpoke\n|poke|p1|Meganium, L50, M|\n|poke|p1|Kangaskhan, L50, F|\n|poke|p1|Garchomp, L50, M|\n|poke|p1|Glimmora, L50, M|\n|poke|p1|Mimikyu, L50, F|\n|poke|p1|Corviknight, L50, M|\n|poke|p2|Victreebel, L50, M|\n|poke|p2|Garchomp, L50, F|\n|poke|p2|Aegislash, L50, F|\n|poke|p2|Clefable, L50, M|\n|poke|p2|Primarina, L50, M|\n|poke|p2|Glimmora, L50, F|\n|teampreview|3\n|inactive|Battle timer is ON: inactive players will automatically lose when time's up. (requested by Sn0rlaxmain)\n|\n|t:|1776885531\n|teamsize|p1|3\n|teamsize|p2|3\n|start\n|switch|p1a: Glimmora|Glimmora, L50, M|100/100\n|switch|p2a: Primarina|Primarina, L50, M|100/100\n|turn|1\n|\n|t:|1776885536\n|move|p1a: Glimmora|Sludge Bomb|p2a: Primarina\n|-supereffective|p2a: Primarina|1\n|-damage|p2a: Primarina|20/100\n|move|p2a: Primarina|Sparkling Aria|p1a: Glimmora\n|-supereffective|p1a: Glimmora|1\n|-enditem|p1a: Glimmora|Focus Sash\n|-damage|p1a: Glimmora|1/100\n|\n|-heal|p2a: Primarina|26/100|[from] item: Leftovers\n|upkeep\n|turn|2\n|\n|t:|1776885551\n|move|p2a: Primarina|Aqua Jet|p1a: Glimmora\n|-supereffective|p1a: Glimmora|1\n|-damage|p1a: Glimmora|0 fnt\n|-activate|p1a: Glimmora|ability: Toxic Debris\n|-sidestart|p2: Sn0rlaxmain|move: Toxic Spikes\n|faint|p1a: Glimmora\n|\n|-heal|p2a: Primarina|32/100|[from] item: Leftovers\n|upkeep\n|\n|t:|1776885555\n|switch|p1a: Meganium|Meganium, L50, M|100/100\n|turn|3\n|\n|t:|1776885565\n|detailschange|p1a: Meganium|Meganium-Mega, L50, M\n|-mega|p1a: Meganium|Meganium|Meganiumite\n|move|p1a: Meganium|Solar Beam||[still]\n|-prepare|p1a: Meganium|Solar Beam\n|-activate|p1a: Meganium|ability: Mega Sol\n|-anim|p1a: Meganium|Solar Beam|p2a: Primarina\n|-supereffective|p2a: Primarina|1\n|-damage|p2a: Primarina|0 fnt\n|faint|p2a: Primarina\n|\n|upkeep\n|\n|t:|1776885572\n|switch|p2a: Glimmora|Glimmora, L50, F|100/100\n|-sideend|p2: Sn0rlaxmain|move: Toxic Spikes|[of] p2a: Glimmora\n|turn|4\n|\n|t:|1776885584\n|detailschange|p2a: Glimmora|Glimmora-Mega, L50, F\n|-mega|p2a: Glimmora|Glimmora|Glimmoranite\n|move|p2a: Glimmora|Sludge Wave|p1a: Meganium\n|-supereffective|p1a: Meganium|2\n|-damage|p1a: Meganium|0 fnt\n|faint|p1a: Meganium\n|\n|upkeep\n|\n|t:|1776885590\n|switch|p1a: Garchomp|Garchomp, L50, M|100/100\n|turn|5\n|\n|t:|1776885607\n|move|p1a: Garchomp|Outrage|p2a: Glimmora\n|-damage|p2a: Glimmora|35/100\n|move|p2a: Glimmora|Dazzling Gleam|p1a: Garchomp\n|-supereffective|p1a: Garchomp|1\n|-damage|p1a: Garchomp|27/100\n|\n|upkeep\n|turn|6\n|\n|t:|1776885617\n|move|p1a: Garchomp|Outrage|p2a: Glimmora|[from] lockedmove\n|-crit|p2a: Glimmora\n|-damage|p2a: Glimmora|0 fnt\n|faint|p2a: Glimmora\n|-start|p1a: Garchomp|confusion|[fatigue]\n|\n|upkeep\n|\n|t:|1776885621\n|switch|p2a: Clefable|Clefable, L50, M|100/100\n|turn|7\n|\n|t:|1776885627\n|-activate|p1a: Garchomp|confusion\n|move|p1a: Garchomp|Outrage|p2a: Clefable\n|-immune|p2a: Clefable\n|move|p2a: Clefable|Moonblast|p1a: Garchomp\n|-supereffective|p1a: Garchomp|1\n|-damage|p1a: Garchomp|0 fnt\n|faint|p1a: Garchomp\n|\n|win|Sn0rlaxmain\n|raw|yapapa berries's rating: 1149 &rarr; <strong>1128</strong><br />(-21 for losing)\n|raw|Sn0rlaxmain's rating: 1199 &rarr; <strong>1220</strong><br />(+21 for winning)\n|l|\u2606yapapa berries\n|player|p1|\n", "uploadtime": 1776885650, "views": 10, "formatid": "gen9championsbssregma", "rating": 1128, "private": 0, "password": null}