{"id": "gen9championsbssregma-2591440184", "format": "[Gen 9 Champions] BSS Reg M-A", "players": ["hijanu", "hugeevee"], "log": "|j|\u2606hijanu\n|j|\u2606hugeevee\n|t:|1776899627\n|gametype|singles\n|player|p1|hijanu|ingo|1195\n|player|p2|hugeevee|101|1140\n|gen|9\n|tier|[Gen 9 Champions] BSS Reg M-A\n|rated|\n|rule|Species Clause: Limit one of each Pok\u00e9mon\n|rule|Item Clause: Limit 1 of each item\n|clearpoke\n|poke|p1|Ceruledge, L50, M, shiny|\n|poke|p1|Rotom-Wash, L50, shiny|\n|poke|p1|Torterra, L50, M, shiny|\n|poke|p1|Archaludon, L50, F|\n|poke|p1|Slowking-Galar, L50, M, shiny|\n|poke|p1|Hydreigon, L50, M|\n|poke|p2|Espathra, L50, M, shiny|\n|poke|p2|Chesnaught, L50, M, shiny|\n|poke|p2|Meganium, L50, F, shiny|\n|poke|p2|Basculegion, L50, M|\n|poke|p2|Sneasler, L50, M|\n|poke|p2|Zoroark-Hisui, L50, F|\n|teampreview|3\n|\n|t:|1776899655\n|teamsize|p1|3\n|teamsize|p2|3\n|start\n|switch|p1a: Ceruledge|Ceruledge, L50, M, shiny|100/100\n|switch|p2a: Espathra|Espathra, L50, M, shiny|100/100\n|turn|1\n|\n|t:|1776899664\n|move|p2a: Espathra|Protect|p2a: Espathra\n|-singleturn|p2a: Espathra|Protect\n|move|p1a: Ceruledge|Bitter Blade|p2a: Espathra\n|-activate|p2a: Espathra|move: Protect\n|\n|-ability|p2a: Espathra|Speed Boost|boost\n|-boost|p2a: Espathra|spe|1\n|upkeep\n|turn|2\n|\n|t:|1776899674\n|move|p2a: Espathra|Lumina Crash|p1a: Ceruledge\n|-damage|p1a: Ceruledge|58/100\n|-unboost|p1a: Ceruledge|spd|2\n|move|p1a: Ceruledge|Poltergeist|p2a: Espathra\n|-activate|p2a: Espathra|move: Poltergeist|Focus Sash\n|-supereffective|p2a: Espathra|1\n|-enditem|p2a: Espathra|Focus Sash\n|-damage|p2a: Espathra|1/100\n|\n|-ability|p2a: Espathra|Speed Boost|boost\n|-boost|p2a: Espathra|spe|1\n|upkeep\n|turn|3\n|\n|t:|1776899687\n|move|p2a: Espathra|Protect|p2a: Espathra\n|-singleturn|p2a: Espathra|Protect\n|move|p1a: Ceruledge|Shadow Sneak|p2a: Espathra\n|-activate|p2a: Espathra|move: Protect\n|\n|-ability|p2a: Espathra|Speed Boost|boost\n|-boost|p2a: Espathra|spe|1\n|upkeep\n|turn|4\n|\n|t:|1776899695\n|switch|p2a: Espathra|Espathra, L50, M, shiny|100/100\n|move|p1a: Ceruledge|Shadow Sneak|p2a: Espathra\n|-immune|p2a: Espathra\n|\n|upkeep\n|turn|5\n|\n|t:|1776899702\n|switch|p1a: Hydreigon|Hydreigon, L50, M|100/100\n|move|p2a: Espathra|Shadow Ball|p1a: Hydreigon\n|-resisted|p1a: Hydreigon|1\n|-damage|p1a: Hydreigon|75/100\n|\n|upkeep\n|turn|6\n|\n|t:|1776899711\n|move|p1a: Hydreigon|Dark Pulse|p2a: Espathra|[miss]\n|-miss|p1a: Hydreigon|p2a: Espathra\n|move|p2a: Espathra|Hyper Voice|p1a: Hydreigon\n|-damage|p1a: Hydreigon|18/100\n|\n|upkeep\n|turn|7\n|\n|t:|1776899723\n|switch|p2a: Espathra|Espathra, L50, M, shiny|1/100\n|move|p1a: Hydreigon|Dark Pulse|p2a: Espathra\n|-supereffective|p2a: Espathra|1\n|-damage|p2a: Espathra|0 fnt\n|faint|p2a: Espathra\n|\n|upkeep\n|\n|t:|1776899730\n|switch|p2a: Chesnaught|Chesnaught, L50, M, shiny|100/100\n|turn|8\n|\n|t:|1776899741\n|move|p1a: Hydreigon|Dark Pulse|p2a: Chesnaught\n|-supereffective|p2a: Chesnaught|1\n|-damage|p2a: Chesnaught|0 fnt\n|replace|p2a: Zoroark|Zoroark-Hisui, L50, F\n|-end|p2a: Zoroark|Illusion\n|faint|p2a: Zoroark\n|\n|upkeep\n|\n|t:|1776899747\n|switch|p2a: Chesnaught|Chesnaught, L50, M, shiny|100/100\n|turn|9\n|\n|t:|1776899753\n|detailschange|p2a: Chesnaught|Chesnaught-Mega, L50, M, shiny\n|-mega|p2a: Chesnaught|Chesnaught|Chesnaughtite\n|move|p1a: Hydreigon|Dark Pulse|p2a: Chesnaught\n|-resisted|p2a: Chesnaught|1\n|-damage|p2a: Chesnaught|84/100\n|cant|p2a: Chesnaught|flinch\n|\n|upkeep\n|turn|10\n|\n|t:|1776899761\n|move|p1a: Hydreigon|Dark Pulse|p2a: Chesnaught\n|-resisted|p2a: Chesnaught|1\n|-damage|p2a: Chesnaught|66/100\n|cant|p2a: Chesnaught|flinch\n|\n|upkeep\n|turn|11\n|\n|t:|1776899767\n|move|p1a: Hydreigon|Dark Pulse|p2a: Chesnaught\n|-resisted|p2a: Chesnaught|1\n|-crit|p2a: Chesnaught\n|-damage|p2a: Chesnaught|42/100\n|move|p2a: Chesnaught|Bulk Up|p2a: Chesnaught\n|-boost|p2a: Chesnaught|atk|1\n|-boost|p2a: Chesnaught|def|1\n|\n|upkeep\n|turn|12\n|\n|t:|1776899776\n|move|p1a: Hydreigon|Dark Pulse|p2a: Chesnaught\n|-resisted|p2a: Chesnaught|1\n|-damage|p2a: Chesnaught|26/100\n|move|p2a: Chesnaught|Synthesis|p2a: Chesnaught\n|-heal|p2a: Chesnaught|76/100\n|\n|upkeep\n|turn|13\n|\n|t:|1776899785\n|move|p1a: Hydreigon|Dark Pulse|p2a: Chesnaught\n|-resisted|p2a: Chesnaught|1\n|-crit|p2a: Chesnaught\n|-damage|p2a: Chesnaught|52/100\n|move|p2a: Chesnaught|Rock Slide|p1a: Hydreigon\n|-damage|p1a: Hydreigon|0 fnt\n|faint|p1a: Hydreigon\n|\n|upkeep\n|\n|t:|1776899794\n|switch|p1a: Slowking|Slowking-Galar, L50, M, shiny|100/100\n|turn|14\n|\n|t:|1776899800\n|move|p2a: Chesnaught|Rock Slide|p1a: Slowking\n|-damage|p1a: Slowking|65/100\n|cant|p1a: Slowking|flinch\n|\n|upkeep\n|turn|15\n|\n|t:|1776899809\n|move|p2a: Chesnaught|Rock Slide|p1a: Slowking\n|-damage|p1a: Slowking|28/100\n|move|p1a: Slowking|Sludge Wave|p2a: Chesnaught\n|-supereffective|p2a: Chesnaught|1\n|-damage|p2a: Chesnaught|0 fnt\n|faint|p2a: Chesnaught\n|\n|win|hijanu\n|raw|hijanu's rating: 1195 &rarr; <strong>1216</strong><br />(+21 for winning)\n|raw|hugeevee's rating: 1140 &rarr; <strong>1119</strong><br />(-21 for losing)\n|l|\u2606hugeevee\n|player|p2|\n", "uploadtime": 1776899824, "views": 7, "formatid": "gen9championsbssregma", "rating": 1119, "private": 0, "password": null}