{"id": "gen9championsbssregma-2590892999", "format": "[Gen 9 Champions] BSS Reg M-A", "players": ["s3l3n008", "BBBkty"], "log": "|j|\u2606s3l3n008\n|j|\u2606BBBkty\n|t:|1776859079\n|gametype|singles\n|player|p1|s3l3n008|102|1173\n|player|p2|BBBkty|266|1202\n|gen|9\n|tier|[Gen 9 Champions] BSS Reg M-A\n|rated|\n|rule|Species Clause: Limit one of each Pok\u00e9mon\n|rule|Item Clause: Limit 1 of each item\n|clearpoke\n|poke|p1|Meganium, L50, M|\n|poke|p1|Hippowdon, L50, F|\n|poke|p1|Hydreigon, L50, F|\n|poke|p1|Diggersby, L50, M|\n|poke|p1|Mimikyu, L50, M|\n|poke|p1|Lucario, L50, F|\n|poke|p2|Clefable, L50, M, shiny|\n|poke|p2|Charizard, L50, M, shiny|\n|poke|p2|Scizor, L50, M|\n|poke|p2|Espathra, L50, F, shiny|\n|poke|p2|Glimmora, L50, F, shiny|\n|poke|p2|Florges, L50, F|\n|teampreview|3\n|inactive|Battle timer is ON: inactive players will automatically lose when time's up. (requested by BBBkty)\n|\n|t:|1776859087\n|teamsize|p1|3\n|teamsize|p2|3\n|start\n|switch|p1a: Hippowdon|Hippowdon, L50, F|100/100\n|switch|p2a: Glimmora|Glimmora, L50, F, shiny|100/100\n|-weather|Sandstorm|[from] ability: Sand Stream|[of] p1a: Hippowdon\n|turn|1\n|\n|t:|1776859098\n|switch|p2a: Clefable|Clefable, L50, M, shiny|100/100\n|move|p1a: Hippowdon|Earthquake|p2a: Clefable\n|-damage|p2a: Clefable|73/100\n|\n|-weather|Sandstorm|[upkeep]\n|-damage|p2a: Clefable|67/100|[from] Sandstorm\n|upkeep\n|turn|2\n|\n|t:|1776859105\n|detailschange|p2a: Clefable|Clefable-Mega, L50, M, shiny\n|-mega|p2a: Clefable|Clefable|Clefablite\n|move|p2a: Clefable|Cosmic Power|p2a: Clefable\n|-boost|p2a: Clefable|def|1\n|-boost|p2a: Clefable|spd|1\n|move|p1a: Hippowdon|Stealth Rock|p2a: Clefable\n|move|p2a: Clefable|Stealth Rock|p1a: Hippowdon|[from] ability: Magic Bounce\n|-sidestart|p1: s3l3n008|move: Stealth Rock\n|\n|-weather|Sandstorm|[upkeep]\n|-damage|p2a: Clefable|61/100|[from] Sandstorm\n|upkeep\n|turn|3\n|\n|t:|1776859115\n|move|p2a: Clefable|Cosmic Power|p2a: Clefable\n|-boost|p2a: Clefable|def|1\n|-boost|p2a: Clefable|spd|1\n|move|p1a: Hippowdon|Whirlwind|p2a: Clefable\n|move|p2a: Clefable|Whirlwind|p1a: Hippowdon|[from] ability: Magic Bounce\n|drag|p1a: Meganium|Meganium, L50, M|100/100\n|-damage|p1a: Meganium|88/100|[from] Stealth Rock\n|\n|-weather|Sandstorm|[upkeep]\n|-damage|p1a: Meganium|82/100|[from] Sandstorm\n|-damage|p2a: Clefable|55/100|[from] Sandstorm\n|upkeep\n|turn|4\n|\n|t:|1776859134\n|detailschange|p1a: Meganium|Meganium-Mega, L50, M\n|-mega|p1a: Meganium|Meganium|Meganiumite\n|move|p1a: Meganium|Weather Ball|p2a: Clefable\n|-damage|p2a: Clefable|31/100\n|move|p2a: Clefable|Moonlight|p2a: Clefable\n|-heal|p2a: Clefable|56/100\n|\n|-weather|Sandstorm|[upkeep]\n|-damage|p1a: Meganium|76/100|[from] Sandstorm\n|-damage|p2a: Clefable|50/100|[from] Sandstorm\n|upkeep\n|turn|5\n|\n|t:|1776859143\n|switch|p1a: Mimikyu|Mimikyu, L50, M|100/100\n|-damage|p1a: Mimikyu|88/100|[from] Stealth Rock\n|move|p2a: Clefable|Moonblast|p1a: Mimikyu\n|-activate|p1a: Mimikyu|ability: Disguise\n|-damage|p1a: Mimikyu|88/100\n|detailschange|p1a: Mimikyu|Mimikyu-Busted, L50, M\n|-damage|p1a: Mimikyu|76/100|[from] pokemon: Mimikyu-Busted\n|\n|-weather|none\n|upkeep\n|turn|6\n|\n|t:|1776859154\n|move|p1a: Mimikyu|Swords Dance|p1a: Mimikyu\n|-boost|p1a: Mimikyu|atk|2\n|move|p2a: Clefable|Moonlight|p2a: Clefable\n|-heal|p2a: Clefable|99/100\n|\n|upkeep\n|turn|7\n|\n|t:|1776859160\n|move|p1a: Mimikyu|Swords Dance|p1a: Mimikyu\n|-boost|p1a: Mimikyu|atk|2\n|move|p2a: Clefable|Moonblast|p1a: Mimikyu\n|-damage|p1a: Mimikyu|19/100\n|\n|upkeep\n|turn|8\n|\n|t:|1776859169\n|move|p1a: Mimikyu|Play Rough|p2a: Clefable\n|-damage|p2a: Clefable|63/100\n|move|p2a: Clefable|Moonblast|p1a: Mimikyu\n|-damage|p1a: Mimikyu|0 fnt\n|faint|p1a: Mimikyu\n|\n|upkeep\n|-message|s3l3n008 forfeited.\n|\n|win|BBBkty\n|raw|s3l3n008's rating: 1173 &rarr; <strong>1150</strong><br />(-23 for losing)\n|raw|BBBkty's rating: 1202 &rarr; <strong>1225</strong><br />(+23 for winning)\n|l|\u2606s3l3n008\n|player|p1|\n", "uploadtime": 1776859183, "views": 3, "formatid": "gen9championsbssregma", "rating": 1150, "private": 0, "password": null}