{"id": "gen9championsbssregma-2594322874", "format": "[Gen 9 Champions] BSS Reg M-A", "players": ["maro8950", "zaliyeyuan"], "log": "|j|\u2606maro8950\n|j|\u2606zaliyeyuan\n|t:|1777180158\n|gametype|singles\n|player|p1|maro8950|169|1330\n|player|p2|zaliyeyuan|artist-gen4|1341\n|gen|9\n|tier|[Gen 9 Champions] BSS Reg M-A\n|rated|\n|rule|Species Clause: Limit one of each Pok\u00e9mon\n|rule|Item Clause: Limit 1 of each item\n|clearpoke\n|poke|p1|Glimmora, L50, M|\n|poke|p1|Primarina, L50, M, shiny|\n|poke|p1|Excadrill, L50, M|\n|poke|p1|Dragonite, L50, M|\n|poke|p1|Goodra-Hisui, L50, M|\n|poke|p1|Mimikyu, L50, F|\n|poke|p2|Starmie, L50, shiny|\n|poke|p2|Hydreigon, L50, F, shiny|\n|poke|p2|Hippowdon, L50, F|\n|poke|p2|Rotom-Wash, L50|\n|poke|p2|Aegislash, L50, M|\n|poke|p2|Floette-Eternal, L50, F|\n|teampreview|3\n|j| toppo23\n|\n|t:|1777180180\n|teamsize|p1|3\n|teamsize|p2|3\n|start\n|switch|p1a: Excadrill|Excadrill, L50, M|100/100\n|switch|p2a: Starmie|Starmie, L50, shiny|100/100\n|-ability|p1a: Excadrill|Mold Breaker\n|turn|1\n|\n|t:|1777180188\n|detailschange|p2a: Starmie|Starmie-Mega, L50, shiny\n|-mega|p2a: Starmie|Starmie|Starminite\n|move|p1a: Excadrill|Earthquake|p2a: Starmie\n|-damage|p2a: Starmie|34/100\n|move|p2a: Starmie|Liquidation|p1a: Excadrill\n|-supereffective|p1a: Excadrill|1\n|-damage|p1a: Excadrill|0 fnt\n|faint|p1a: Excadrill\n|\n|upkeep\n|\n|t:|1777180198\n|switch|p1a: Primarina|Primarina, L50, M, shiny|100/100\n|turn|2\n|\n|t:|1777180211\n|move|p2a: Starmie|Flip Turn|p1a: Primarina\n|-resisted|p1a: Primarina|1\n|-damage|p1a: Primarina|74/100\n|\n|t:|1777180214\n|switch|p2a: Aegislash|Aegislash, L50, M|100/100|[from] Flip Turn\n|move|p1a: Primarina|Moonblast|p2a: Aegislash\n|-resisted|p2a: Aegislash|1\n|-damage|p2a: Aegislash|78/100\n|-unboost|p2a: Aegislash|spa|1\n|\n|upkeep\n|turn|3\n|\n|t:|1777180226\n|switch|p1a: Dragonite|Dragonite, L50, M|100/100\n|-formechange|p2a: Aegislash|Aegislash-Blade|\n|move|p2a: Aegislash|Poltergeist|p1a: Dragonite\n|-activate|p1a: Dragonite|move: Poltergeist|Dragoninite\n|-damage|p1a: Dragonite|57/100\n|\n|upkeep\n|turn|4\n|\n|t:|1777180238\n|detailschange|p1a: Dragonite|Dragonite-Mega, L50, M\n|-mega|p1a: Dragonite|Dragonite|Dragoninite\n|move|p1a: Dragonite|Roost|p1a: Dragonite\n|-heal|p1a: Dragonite|100/100\n|-singleturn|p1a: Dragonite|move: Roost\n|move|p2a: Aegislash|Poltergeist|p1a: Dragonite|[miss]\n|-miss|p2a: Aegislash|p1a: Dragonite\n|\n|upkeep\n|turn|5\n|\n|t:|1777180257\n|switch|p2a: Hydreigon|Hydreigon, L50, F, shiny|100/100\n|move|p1a: Dragonite|Air Slash|p2a: Hydreigon\n|-damage|p2a: Hydreigon|50/100g\n|\n|upkeep\n|turn|6\n|\n|t:|1777180268\n|move|p2a: Hydreigon|Draco Meteor|p1a: Dragonite\n|-supereffective|p1a: Dragonite|1\n|-damage|p1a: Dragonite|43/100\n|-unboost|p2a: Hydreigon|spa|2\n|move|p1a: Dragonite|Roost|p1a: Dragonite\n|-heal|p1a: Dragonite|93/100\n|-singleturn|p1a: Dragonite|move: Roost\n|\n|upkeep\n|turn|7\n|j| slooshfrog\n|\n|t:|1777180281\n|switch|p2a: Starmie|Starmie-Mega, L50, shiny|34/100\n|move|p1a: Dragonite|Roost|p1a: Dragonite\n|-heal|p1a: Dragonite|100/100\n|-singleturn|p1a: Dragonite|move: Roost\n|\n|upkeep\n|turn|8\n|\n|t:|1777180291\n|move|p2a: Starmie|Flip Turn|p1a: Dragonite\n|-resisted|p1a: Dragonite|1\n|-damage|p1a: Dragonite|88/100\n|\n|t:|1777180295\n|switch|p2a: Hydreigon|Hydreigon, L50, F, shiny|50/100g|[from] Flip Turn\n|move|p1a: Dragonite|Air Slash|p2a: Hydreigon\n|-damage|p2a: Hydreigon|1/100\n|\n|upkeep\n|turn|9\n|\n|t:|1777180302\n|switch|p1a: Primarina|Primarina, L50, M, shiny|74/100\n|move|p2a: Hydreigon|Draco Meteor|p1a: Primarina\n|-immune|p1a: Primarina\n|\n|upkeep\n|turn|10\n|\n|t:|1777180310\n|switch|p2a: Aegislash|Aegislash, L50, M|78/100\n|move|p1a: Primarina|Calm Mind|p1a: Primarina\n|-boost|p1a: Primarina|spa|1\n|-boost|p1a: Primarina|spd|1\n|\n|upkeep\n|turn|11\n|j| redjcard\n|\n|t:|1777180323\n|-formechange|p2a: Aegislash|Aegislash-Blade|\n|move|p2a: Aegislash|Poltergeist|p1a: Primarina\n|-activate|p1a: Primarina|move: Poltergeist|Chesto Berry\n|-damage|p1a: Primarina|2/100\n|move|p1a: Primarina|Sparkling Aria|p2a: Aegislash\n|-damage|p2a: Aegislash|0 fnt\n|faint|p2a: Aegislash\n|\n|upkeep\n|\n|t:|1777180334\n|switch|p2a: Hydreigon|Hydreigon, L50, F, shiny|1/100\n|turn|12\n|\n|t:|1777180338\n|move|p2a: Hydreigon|U-turn|p1a: Primarina\n|-resisted|p1a: Primarina|1\n|-damage|p1a: Primarina|0 fnt\n|faint|p1a: Primarina\n|\n|t:|1777180342\n|switch|p2a: Starmie|Starmie-Mega, L50, shiny|34/100|[from] U-turn\n|\n|upkeep\n|\n|t:|1777180345\n|switch|p1a: Dragonite|Dragonite-Mega, L50, M|88/100\n|turn|13\n|\n|t:|1777180349\n|move|p2a: Starmie|Psycho Cut|p1a: Dragonite\n|-damage|p1a: Dragonite|32/100\n|move|p1a: Dragonite|Air Slash|p2a: Starmie\n|-damage|p2a: Starmie|0 fnt\n|faint|p2a: Starmie\n|\n|upkeep\n|\n|t:|1777180356\n|switch|p2a: Hydreigon|Hydreigon, L50, F, shiny|1/100\n|turn|14\n|\n|t:|1777180361\n|move|p2a: Hydreigon|Dark Pulse|p1a: Dragonite\n|-damage|p1a: Dragonite|0 fnt\n|faint|p1a: Dragonite\n|\n|win|zaliyeyuan\n|raw|maro8950's rating: 1330 &rarr; <strong>1311</strong><br />(-19 for losing)\n|raw|zaliyeyuan's rating: 1341 &rarr; <strong>1360</strong><br />(+19 for winning)\n|l|\u2606maro8950\n|player|p1|\n|l|\u2606zaliyeyuan\n|player|p2|\n", "uploadtime": 1777180367, "views": 9, "formatid": "gen9championsbssregma", "rating": 1311, "private": 0, "password": null}