{"id": "gen9championsbssregma-2589668027", "format": "[Gen 9 Champions] BSS Reg M-A", "players": ["Dandin11", "peko877"], "log": "|j|\u2606Dandin11\n|j|\u2606peko877\n|t:|1776745013\n|gametype|singles\n|player|p1|Dandin11|102|1382\n|player|p2|peko877|iono|1421\n|gen|9\n|tier|[Gen 9 Champions] BSS Reg M-A\n|rated|\n|rule|Species Clause: Limit one of each Pok\u00e9mon\n|rule|Item Clause: Limit 1 of each item\n|clearpoke\n|poke|p1|Greninja, L50, M, shiny|\n|poke|p1|Meowscarada, L50, M, shiny|\n|poke|p1|Delphox, L50, M, shiny|\n|poke|p1|Primarina, L50, F, shiny|\n|poke|p1|Kleavor, L50, M, shiny|\n|poke|p1|Archaludon, L50, F, shiny|\n|poke|p2|Starmie, L50, shiny|\n|poke|p2|Corviknight, L50, M, shiny|\n|poke|p2|Garchomp, L50, M, shiny|\n|poke|p2|Rotom-Heat, L50, shiny|\n|poke|p2|Venusaur, L50, M, shiny|\n|poke|p2|Bellibolt, L50, M, shiny|\n|teampreview|3\n|inactive|Battle timer is ON: inactive players will automatically lose when time's up. (requested by peko877)\n|\n|t:|1776745042\n|teamsize|p1|3\n|teamsize|p2|3\n|start\n|switch|p1a: Kleavor|Kleavor, L50, M, shiny|100/100\n|switch|p2a: Rotom|Rotom-Heat, L50, shiny|100/100\n|turn|1\n|j| p74\n|\n|t:|1776745049\n|move|p2a: Rotom|Volt Switch|p1a: Kleavor\n|-damage|p1a: Kleavor|47/100\n|\n|t:|1776745050\n|switch|p2a: Bellibolt|Bellibolt, L50, M, shiny|100/100|[from] Volt Switch\n|move|p1a: Kleavor|Stone Axe|p2a: Bellibolt|[miss]\n|-miss|p1a: Kleavor|p2a: Bellibolt\n|\n|upkeep\n|turn|2\n|\n|t:|1776745058\n|move|p1a: Kleavor|Stone Axe|p2a: Bellibolt\n|-crit|p2a: Bellibolt\n|-damage|p2a: Bellibolt|44/100\n|-start|p2a: Bellibolt|Charge|Stone Axe|[from] ability: Electromorphosis\n|-enditem|p2a: Bellibolt|Sitrus Berry|[eat]\n|-heal|p2a: Bellibolt|69/100|[from] item: Sitrus Berry\n|move|p2a: Bellibolt|Parabolic Charge|p1a: Kleavor\n|-crit|p1a: Kleavor\n|-damage|p1a: Kleavor|0 fnt\n|-heal|p2a: Bellibolt|86/100|[from] drain|[of] p1a: Kleavor\n|faint|p1a: Kleavor\n|-end|p2a: Bellibolt|Charge|[silent]\n|\n|upkeep\n|\n|t:|1776745070\n|switch|p1a: Meowscarada|Meowscarada, L50, M, shiny|100/100\n|turn|3\n|\n|t:|1776745076\n|move|p1a: Meowscarada|Flower Trick|p2a: Bellibolt\n|-start|p1a: Meowscarada|typechange|Grass|[from] ability: Protean\n|-crit|p2a: Bellibolt\n|-damage|p2a: Bellibolt|50/100\n|-start|p2a: Bellibolt|Charge|Flower Trick|[from] ability: Electromorphosis\n|move|p2a: Bellibolt|Soak|p1a: Meowscarada\n|-start|p1a: Meowscarada|typechange|Water\n|\n|upkeep\n|turn|4\n|\n|t:|1776745088\n|switch|p1a: Delphox|Delphox, L50, M, shiny|100/100\n|move|p2a: Bellibolt|Parabolic Charge|p1a: Delphox\n|-damage|p1a: Delphox|48/100\n|-heal|p2a: Bellibolt|72/100|[from] drain|[of] p1a: Delphox\n|-end|p2a: Bellibolt|Charge|[silent]\n|\n|upkeep\n|turn|5\n|\n|t:|1776745101\n|detailschange|p1a: Delphox|Delphox-Mega, L50, M, shiny\n|-mega|p1a: Delphox|Delphox|Delphoxite\n|move|p1a: Delphox|Psychic|p2a: Bellibolt\n|-damage|p2a: Bellibolt|28/100\n|-start|p2a: Bellibolt|Charge|Psychic|[from] ability: Electromorphosis\n|move|p2a: Bellibolt|Volt Switch|p1a: Delphox\n|-damage|p1a: Delphox|0 fnt\n|faint|p1a: Delphox\n|-end|p2a: Bellibolt|Charge|[silent]\n|\n|t:|1776745106\n|switch|p2a: Rotom|Rotom-Heat, L50, shiny|100/100|[from] Volt Switch\n|\n|upkeep\n|\n|t:|1776745112\n|switch|p1a: Meowscarada|Meowscarada, L50, M, shiny|100/100\n|turn|6\n|-message|Dandin11 forfeited.\n|\n|win|peko877\n|raw|Dandin11's rating: 1382 &rarr; <strong>1364</strong><br />(-18 for losing)\n|raw|peko877's rating: 1421 &rarr; <strong>1439</strong><br />(+18 for winning)\n|l|\u2606Dandin11\n|player|p1|\n|l|\u2606peko877\n|player|p2|\n", "uploadtime": 1776745541, "views": 2, "formatid": "gen9championsbssregma", "rating": 1364, "private": 0, "password": null}