{"id": "gen9championsbssregma-2590771892", "format": "[Gen 9 Champions] BSS Reg M-A", "players": ["mrichan", "Gshs5"], "log": "|j|\u2606mrichan\n|j|\u2606Gshs5\n|t:|1776845600\n|gametype|singles\n|player|p1|mrichan|2|1371\n|player|p2|Gshs5|266|1258\n|gen|9\n|tier|[Gen 9 Champions] BSS Reg M-A\n|rated|\n|rule|Species Clause: Limit one of each Pok\u00e9mon\n|rule|Item Clause: Limit 1 of each item\n|clearpoke\n|poke|p1|Hydreigon, L50, M|\n|poke|p1|Aegislash, L50, M|\n|poke|p1|Lopunny, L50, F|\n|poke|p1|Primarina, L50, F|\n|poke|p1|Greninja, L50, F|\n|poke|p1|Hippowdon, L50, F|\n|poke|p2|Scovillain, L50, M|\n|poke|p2|Venusaur, L50, M|\n|poke|p2|Altaria, L50, M|\n|poke|p2|Rotom-Wash, L50|\n|poke|p2|Hippowdon, L50, M|\n|poke|p2|Aegislash, L50, M|\n|teampreview|3\n|\n|t:|1776845628\n|teamsize|p1|3\n|teamsize|p2|3\n|start\n|switch|p1a: Greninja|Greninja, L50, F|100/100\n|switch|p2a: Scovillain|Scovillain, L50, M|100/100\n|turn|1\n|inactive|Battle timer is ON: inactive players will automatically lose when time's up. (requested by Gshs5)\n|j| driflount drifloon\n|inactive|mrichan has 60 seconds left.\n|\n|t:|1776845666\n|move|p2a: Scovillain|Protect|p2a: Scovillain\n|-singleturn|p2a: Scovillain|Protect\n|move|p1a: Greninja|Sludge Wave|p2a: Scovillain\n|-start|p1a: Greninja|typechange|Poison|[from] ability: Protean\n|-activate|p2a: Scovillain|move: Protect\n|\n|-ability|p2a: Scovillain|Moody|boost\n|-boost|p2a: Scovillain|spa|2\n|-unboost|p2a: Scovillain|spd|1\n|upkeep\n|turn|2\n|\n|t:|1776845683\n|switch|p2a: Rotom|Rotom-Wash, L50|100/100\n|detailschange|p1a: Greninja|Greninja-Mega, L50, F\n|-mega|p1a: Greninja|Greninja|Greninjite\n|move|p1a: Greninja|Sludge Wave|p2a: Rotom\n|-start|p1a: Greninja|typechange|Poison|[from] ability: Protean\n|-damage|p2a: Rotom|43/100\n|-enditem|p2a: Rotom|Sitrus Berry|[eat]\n|-heal|p2a: Rotom|67/100|[from] item: Sitrus Berry\n|\n|upkeep\n|turn|3\n|\n|t:|1776845690\n|move|p1a: Greninja|U-turn|p2a: Rotom\n|-damage|p2a: Rotom|53/100\n|\n|t:|1776845695\n|switch|p1a: Hydreigon|Hydreigon, L50, M|100/100|[from] U-turn\n|move|p2a: Rotom|Thunder Wave|p1a: Hydreigon\n|-status|p1a: Hydreigon|par\n|\n|upkeep\n|turn|4\n|\n|t:|1776845700\n|move|p1a: Hydreigon|U-turn|p2a: Rotom\n|-damage|p2a: Rotom|40/100\n|\n|t:|1776845706\n|switch|p1a: Aegislash|Aegislash, L50, M|100/100|[from] U-turn\n|move|p2a: Rotom|Hydro Pump|p1a: Aegislash\n|-damage|p1a: Aegislash|66/100\n|\n|upkeep\n|turn|5\n|\n|t:|1776845711\n|move|p2a: Rotom|Thunder Wave|p1a: Aegislash\n|-status|p1a: Aegislash|par\n|-formechange|p1a: Aegislash|Aegislash-Blade|\n|move|p1a: Aegislash|Poltergeist||[still]\n|-fail|p1a: Aegislash\n|\n|upkeep\n|turn|6\n|inactive|mrichan has 30 seconds left.\n|inactive|mrichan has 20 seconds left.\n|inactive|mrichan has 15 seconds left.\n|inactive|mrichan has 10 seconds left.\n|\n|t:|1776845759\n|-formechange|p1a: Aegislash|Aegislash|\n|move|p1a: Aegislash|King's Shield|p1a: Aegislash\n|-singleturn|p1a: Aegislash|Protect\n|move|p2a: Rotom|Hydro Pump|p1a: Aegislash\n|-activate|p1a: Aegislash|move: Protect\n|\n|upkeep\n|turn|7\n|\n|t:|1776845765\n|move|p2a: Rotom|Hydro Pump|p1a: Aegislash\n|-damage|p1a: Aegislash|36/100 par\n|-formechange|p1a: Aegislash|Aegislash-Blade|\n|move|p1a: Aegislash|Poltergeist||[still]\n|-fail|p1a: Aegislash\n|\n|upkeep\n|turn|8\n|\n|t:|1776845776\n|-formechange|p1a: Aegislash|Aegislash|\n|move|p1a: Aegislash|King's Shield|p1a: Aegislash\n|-singleturn|p1a: Aegislash|Protect\n|move|p2a: Rotom|Volt Switch|p1a: Aegislash\n|-activate|p1a: Aegislash|move: Protect\n|\n|upkeep\n|turn|9\n|inactive|mrichan has 30 seconds left.\n|\n|t:|1776845809\n|move|p2a: Rotom|Volt Switch|p1a: Aegislash\n|-damage|p1a: Aegislash|18/100 par\n|\n|t:|1776845812\n|switch|p2a: Altaria|Altaria, L50, M|100/100|[from] Volt Switch\n|-ability|p2a: Altaria|Cloud Nine\n|-formechange|p1a: Aegislash|Aegislash-Blade|\n|move|p1a: Aegislash|Poltergeist|p2a: Altaria\n|-activate|p2a: Altaria|move: Poltergeist|Altarianite\n|-damage|p2a: Altaria|2/100\n|\n|upkeep\n|turn|10\n|\n|t:|1776845823\n|move|p1a: Aegislash|Shadow Sneak|p2a: Altaria\n|-damage|p2a: Altaria|0 fnt\n|faint|p2a: Altaria\n|\n|upkeep\n|\n|t:|1776845827\n|switch|p2a: Scovillain|Scovillain, L50, M|100/100\n|turn|11\n|\n|t:|1776845836\n|cant|p1a: Aegislash|par\n|move|p2a: Scovillain|Substitute|p2a: Scovillain\n|-start|p2a: Scovillain|Substitute\n|-damage|p2a: Scovillain|75/100\n|\n|-heal|p2a: Scovillain|81/100|[from] item: Leftovers\n|-ability|p2a: Scovillain|Moody|boost\n|-boost|p2a: Scovillain|spa|2\n|-unboost|p2a: Scovillain|atk|1\n|upkeep\n|turn|12\n|\n|t:|1776845840\n|move|p2a: Scovillain|Protect|p2a: Scovillain\n|-singleturn|p2a: Scovillain|Protect\n|move|p1a: Aegislash|Shadow Sneak|p2a: Scovillain\n|-activate|p2a: Scovillain|move: Protect\n|\n|-heal|p2a: Scovillain|87/100|[from] item: Leftovers\n|-ability|p2a: Scovillain|Moody|boost\n|-boost|p2a: Scovillain|spe|2\n|-unboost|p2a: Scovillain|spa|1\n|upkeep\n|turn|13\n|\n|t:|1776845847\n|cant|p1a: Aegislash|par\n|move|p2a: Scovillain|Substitute|p2a: Scovillain\n|-fail|p2a: Scovillain|move: Substitute\n|\n|-heal|p2a: Scovillain|93/100|[from] item: Leftovers\n|-ability|p2a: Scovillain|Moody|boost\n|-boost|p2a: Scovillain|spe|2\n|-unboost|p2a: Scovillain|spd|1\n|upkeep\n|turn|14\n|\n|t:|1776845852\n|move|p2a: Scovillain|Protect|p2a: Scovillain\n|-singleturn|p2a: Scovillain|Protect\n|move|p1a: Aegislash|Poltergeist|p2a: Scovillain\n|-activate|p2a: Scovillain|move: Protect\n|\n|-heal|p2a: Scovillain|99/100|[from] item: Leftovers\n|-ability|p2a: Scovillain|Moody|boost\n|-boost|p2a: Scovillain|spd|2\n|-unboost|p2a: Scovillain|def|1\n|upkeep\n|turn|15\n|\n|t:|1776845857\n|cant|p1a: Aegislash|par\n|move|p2a: Scovillain|Giga Drain|p1a: Aegislash\n|-resisted|p1a: Aegislash|1\n|-damage|p1a: Aegislash|0 fnt\n|-heal|p2a: Scovillain|100/100|[from] drain|[of] p1a: Aegislash\n|faint|p1a: Aegislash\n|\n|-ability|p2a: Scovillain|Moody|boost\n|-boost|p2a: Scovillain|spd|2\n|-unboost|p2a: Scovillain|spe|1\n|upkeep\n|\n|t:|1776845866\n|switch|p1a: Greninja|Greninja-Mega, L50, F|100/100\n|turn|16\n|\n|t:|1776845871\n|move|p2a: Scovillain|Protect|p2a: Scovillain\n|-singleturn|p2a: Scovillain|Protect\n|move|p1a: Greninja|Sludge Wave|p2a: Scovillain\n|-start|p1a: Greninja|typechange|Poison|[from] ability: Protean\n|-activate|p2a: Scovillain|move: Protect\n|\n|-ability|p2a: Scovillain|Moody|boost\n|-boost|p2a: Scovillain|atk|2\n|-unboost|p2a: Scovillain|spe|1\n|upkeep\n|turn|17\n|\n|t:|1776845884\n|move|p2a: Scovillain|Flamethrower|p1a: Greninja\n|-damage|p1a: Greninja|23/100\n|move|p1a: Greninja|Sludge Wave|p2a: Scovillain\n|-supereffective|p2a: Scovillain|1\n|-end|p2a: Scovillain|Substitute\n|\n|-ability|p2a: Scovillain|Moody|boost\n|-boost|p2a: Scovillain|atk|2\n|-unboost|p2a: Scovillain|spa|1\n|upkeep\n|turn|18\n|-message|mrichan forfeited.\n|\n|win|Gshs5\n|raw|mrichan's rating: 1359 &rarr; <strong>1333</strong><br />(-26 for losing)\n|raw|Gshs5's rating: 1258 &rarr; <strong>1290</strong><br />(+32 for winning)\n|l|\u2606mrichan\n|player|p1|\n", "uploadtime": 1776845892, "views": 2, "formatid": "gen9championsbssregma", "rating": 1290, "private": 0, "password": null}