{"id": "gen9championsbssregma-2589657036", "format": "[Gen 9 Champions] BSS Reg M-A", "players": ["nskakpaaaja", "Fsief"], "log": "|j|\u2606nskakpaaaja\n|j|\u2606Fsief\n|t:|1776743782\n|gametype|singles\n|player|p1|nskakpaaaja|guitarist|1389\n|player|p2|Fsief|101|1388\n|gen|9\n|tier|[Gen 9 Champions] BSS Reg M-A\n|rated|\n|rule|Species Clause: Limit one of each Pok\u00e9mon\n|rule|Item Clause: Limit 1 of each item\n|clearpoke\n|poke|p1|Charizard, L50, F|\n|poke|p1|Meganium, L50, M|\n|poke|p1|Greninja, L50, F|\n|poke|p1|Garchomp, L50, M|\n|poke|p1|Mimikyu, L50, F|\n|poke|p1|Kingambit, L50, M|\n|poke|p2|Zoroark-Hisui, L50, M|\n|poke|p2|Scizor, L50, M|\n|poke|p2|Primarina, L50, F, shiny|\n|poke|p2|Dragonite, L50, M|\n|poke|p2|Hippowdon, L50, M|\n|poke|p2|Rotom-Wash, L50|\n|teampreview|3\n|j| patchpico\n|j| p74\n|l| patchpico\n|inactive|Battle timer is ON: inactive players will automatically lose when time's up. (requested by Fsief)\n|\n|t:|1776743832\n|teamsize|p1|3\n|teamsize|p2|3\n|start\n|switch|p1a: Greninja|Greninja, L50, F|100/100\n|switch|p2a: Primarina|Primarina, L50, F, shiny|100/100\n|turn|1\n|\n|t:|1776743838\n|switch|p1a: Meganium|Meganium, L50, M|100/100\n|move|p2a: Primarina|Moonblast|p1a: Meganium\n|-damage|p1a: Meganium|52/100\n|\n|upkeep\n|turn|2\n|\n|t:|1776743845\n|switch|p2a: Scizor|Scizor, L50, M|100/100\n|detailschange|p1a: Meganium|Meganium-Mega, L50, M\n|-mega|p1a: Meganium|Meganium|Meganiumite\n|move|p1a: Meganium|Synthesis|p1a: Meganium\n|-activate|p1a: Meganium|ability: Mega Sol\n|-heal|p1a: Meganium|100/100\n|\n|upkeep\n|turn|3\n|\n|t:|1776743861\n|detailschange|p2a: Scizor|Scizor-Mega, L50, M\n|-mega|p2a: Scizor|Scizor|Scizorite\n|move|p2a: Scizor|Bullet Punch|p1a: Meganium\n|-supereffective|p1a: Meganium|1\n|-damage|p1a: Meganium|46/100\n|move|p1a: Meganium|Weather Ball|p2a: Scizor\n|-supereffective|p2a: Scizor|2\n|-damage|p2a: Scizor|0 fnt\n|faint|p2a: Scizor\n|\n|upkeep\n|\n|t:|1776743870\n|switch|p2a: Hippowdon|Hippowdon, L50, M|100/100\n|-weather|Sandstorm|[from] ability: Sand Stream|[of] p2a: Hippowdon\n|turn|4\n|\n|t:|1776743878\n|move|p1a: Meganium|Solar Beam||[still]\n|-prepare|p1a: Meganium|Solar Beam\n|-activate|p1a: Meganium|ability: Mega Sol\n|-anim|p1a: Meganium|Solar Beam|p2a: Hippowdon\n|-supereffective|p2a: Hippowdon|1\n|-damage|p2a: Hippowdon|0 fnt\n|faint|p2a: Hippowdon\n|\n|-weather|Sandstorm|[upkeep]\n|-damage|p1a: Meganium|40/100|[from] Sandstorm\n|upkeep\n|\n|t:|1776743883\n|switch|p2a: Primarina|Primarina, L50, F, shiny|100/100\n|turn|5\n|\n|t:|1776743890\n|move|p1a: Meganium|Synthesis|p1a: Meganium\n|-activate|p1a: Meganium|ability: Mega Sol\n|-heal|p1a: Meganium|100/100\n|move|p2a: Primarina|Moonblast|p1a: Meganium\n|-damage|p1a: Meganium|59/100\n|\n|-weather|Sandstorm|[upkeep]\n|-damage|p1a: Meganium|53/100|[from] Sandstorm\n|-damage|p2a: Primarina|95/100|[from] Sandstorm\n|upkeep\n|turn|6\n|-message|Fsief forfeited.\n|\n|win|nskakpaaaja\n|raw|nskakpaaaja's rating: 1389 &rarr; <strong>1409</strong><br />(+20 for winning)\n|raw|Fsief's rating: 1388 &rarr; <strong>1368</strong><br />(-20 for losing)\n|l|\u2606Fsief\n|player|p2|\n|l|\u2606nskakpaaaja\n|player|p1|\n", "uploadtime": 1776744291, "views": 0, "formatid": "gen9championsbssregma", "rating": 1368, "private": 0, "password": null}