{"id": "gen9championsbssregma-2590827208", "format": "[Gen 9 Champions] BSS Reg M-A", "players": ["pokecutieismyname", "maro8950"], "log": "|j|\u2606pokecutieismyname\n|j|\u2606maro8950\n|t:|1776852084\n|gametype|singles\n|player|p1|pokecutieismyname|scientistf|1143\n|player|p2|maro8950|169|1331\n|gen|9\n|tier|[Gen 9 Champions] BSS Reg M-A\n|rated|\n|rule|Species Clause: Limit one of each Pok\u00e9mon\n|rule|Item Clause: Limit 1 of each item\n|clearpoke\n|poke|p1|Garchomp, L50, M|\n|poke|p1|Kangaskhan, L50, F|\n|poke|p1|Arcanine-Hisui, L50, F|\n|poke|p1|Primarina, L50, F|\n|poke|p1|Lopunny, L50, F|\n|poke|p1|Rotom-Wash, L50|\n|poke|p2|Aegislash, L50, M, shiny|\n|poke|p2|Archaludon, L50, M|\n|poke|p2|Primarina, L50, M, shiny|\n|poke|p2|Charizard, L50, M|\n|poke|p2|Garchomp, L50, M|\n|poke|p2|Mimikyu, L50, M|\n|teampreview|3\n|\n|t:|1776852134\n|teamsize|p1|3\n|teamsize|p2|3\n|start\n|switch|p1a: Lopunny|Lopunny, L50, F|100/100\n|switch|p2a: Charizard|Charizard, L50, M|100/100\n|turn|1\n|\n|t:|1776852149\n|switch|p2a: Garchomp|Garchomp, L50, M|100/100\n|detailschange|p1a: Lopunny|Lopunny-Mega, L50, F\n|-mega|p1a: Lopunny|Lopunny|Lopunnite\n|move|p1a: Lopunny|Fake Out|p2a: Garchomp\n|-damage|p2a: Garchomp|80/100\n|-damage|p1a: Lopunny|88/100|[from] ability: Rough Skin|[of] p2a: Garchomp\n|\n|upkeep\n|turn|2\n|\n|t:|1776852164\n|move|p2a: Garchomp|Earthquake|p1a: Lopunny\n|-damage|p1a: Lopunny|18/100\n|move|p1a: Lopunny|Triple Axel|p2a: Garchomp\n|-supereffective|p2a: Garchomp|2\n|-damage|p2a: Garchomp|52/100\n|-damage|p1a: Lopunny|5/100|[from] ability: Rough Skin|[of] p2a: Garchomp\n|-supereffective|p2a: Garchomp|2\n|-damage|p2a: Garchomp|0 fnt\n|-damage|p1a: Lopunny|0 fnt|[from] ability: Rough Skin|[of] p2a: Garchomp\n|faint|p2a: Garchomp\n|faint|p1a: Lopunny\n|-hitcount|p2: Garchomp|2\n|\n|upkeep\n|\n|t:|1776852186\n|switch|p1a: Rotom|Rotom-Wash, L50|100/100\n|switch|p2a: Primarina|Primarina, L50, M, shiny|100/100\n|turn|3\n|\n|t:|1776852192\n|move|p1a: Rotom|Thunderbolt|p2a: Primarina\n|-supereffective|p2a: Primarina|1\n|-damage|p2a: Primarina|29/100\n|move|p2a: Primarina|Moonblast|p1a: Rotom\n|-damage|p1a: Rotom|52/100\n|\n|upkeep\n|turn|4\n|\n|t:|1776852200\n|move|p1a: Rotom|Thunderbolt|p2a: Primarina\n|-supereffective|p2a: Primarina|1\n|-damage|p2a: Primarina|0 fnt\n|faint|p2a: Primarina\n|\n|upkeep\n|\n|t:|1776852201\n|switch|p2a: Charizard|Charizard, L50, M|100/100\n|turn|5\n|\n|t:|1776852207\n|detailschange|p2a: Charizard|Charizard-Mega-Y, L50, M\n|-mega|p2a: Charizard|Charizard|Charizardite Y\n|-weather|SunnyDay|[from] ability: Drought|[of] p2a: Charizard\n|move|p2a: Charizard|Solar Beam||[still]\n|-prepare|p2a: Charizard|Solar Beam\n|-anim|p2a: Charizard|Solar Beam|p1a: Rotom\n|-supereffective|p1a: Rotom|1\n|-damage|p1a: Rotom|0 fnt\n|faint|p1a: Rotom\n|\n|-weather|SunnyDay|[upkeep]\n|upkeep\n|\n|t:|1776852218\n|switch|p1a: Kangaskhan|Kangaskhan, L50, F|100/100\n|turn|6\n|\n|t:|1776852224\n|move|p2a: Charizard|Flamethrower|p1a: Kangaskhan\n|-damage|p1a: Kangaskhan|0 fnt\n|faint|p1a: Kangaskhan\n|\n|win|maro8950\n|raw|pokecutieismyname's rating: 1143 &rarr; <strong>1130</strong><br />(-13 for losing)\n|raw|maro8950's rating: 1331 &rarr; <strong>1341</strong><br />(+10 for winning)\n|l|\u2606pokecutieismyname\n|player|p1|\n", "uploadtime": 1776852234, "views": 5, "formatid": "gen9championsbssregma", "rating": 1130, "private": 0, "password": null}