{"id": "gen9championsbssregma-2591028192", "format": "[Gen 9 Champions] BSS Reg M-A", "players": ["Keyan_Sans", "Jugumyeon"], "log": "|j|\u2606Keyan_Sans\n|j|\u2606Jugumyeon\n|t:|1776869491\n|gametype|singles\n|player|p1|Keyan_Sans|hugh|1242\n|player|p2|Jugumyeon|1|1146\n|gen|9\n|tier|[Gen 9 Champions] BSS Reg M-A\n|rated|\n|rule|Species Clause: Limit one of each Pok\u00e9mon\n|rule|Item Clause: Limit 1 of each item\n|clearpoke\n|poke|p1|Blastoise, L50, F|\n|poke|p1|Ninetales-Alola, L50, M|\n|poke|p1|Garchomp, L50, M|\n|poke|p1|Volcarona, L50, F|\n|poke|p1|Sneasler, L50, F|\n|poke|p1|Scizor, L50, M|\n|poke|p2|Tsareena, L50, F|\n|poke|p2|Primarina, L50, F|\n|poke|p2|Lopunny, L50, F|\n|poke|p2|Kingambit, L50, F|\n|poke|p2|Corviknight, L50, M|\n|poke|p2|Garchomp, L50, M|\n|teampreview|3\n|inactive|Battle timer is ON: inactive players will automatically lose when time's up. (requested by Keyan_Sans)\n|inactive|Jugumyeon has 60 seconds left.\n|\n|t:|1776869561\n|teamsize|p1|3\n|teamsize|p2|3\n|start\n|switch|p1a: Sneasler|Sneasler, L50, F|100/100\n|switch|p2a: Lopunny|Lopunny, L50, F|100/100\n|turn|1\n|inactive|Keyan_Sans has 30 seconds left.\n|\n|t:|1776869589\n|switch|p1a: Volcarona|Volcarona, L50, F|100/100\n|detailschange|p2a: Lopunny|Lopunny-Mega, L50, F\n|-mega|p2a: Lopunny|Lopunny|Lopunnite\n|move|p2a: Lopunny|Protect||[still]\n|-fail|p2a: Lopunny\n|\n|upkeep\n|turn|2\n|\n|t:|1776869600\n|switch|p2a: Garchomp|Garchomp, L50, M|100/100\n|move|p1a: Volcarona|Quiver Dance|p1a: Volcarona\n|-boost|p1a: Volcarona|spa|1\n|-boost|p1a: Volcarona|spd|1\n|-boost|p1a: Volcarona|spe|1\n|\n|upkeep\n|turn|3\n|\n|t:|1776869607\n|move|p2a: Garchomp|Earthquake|p1a: Volcarona\n|-crit|p1a: Volcarona\n|-damage|p1a: Volcarona|0 fnt\n|faint|p1a: Volcarona\n|\n|upkeep\n|\n|t:|1776869613\n|switch|p1a: Blastoise|Blastoise, L50, F|100/100\n|turn|4\n|\n|t:|1776869620\n|switch|p2a: Corviknight|Corviknight, L50, M|100/100\n|detailschange|p1a: Blastoise|Blastoise-Mega, L50, F\n|-mega|p1a: Blastoise|Blastoise|Blastoisinite\n|move|p1a: Blastoise|Shell Smash|p1a: Blastoise\n|-unboost|p1a: Blastoise|def|1\n|-unboost|p1a: Blastoise|spd|1\n|-boost|p1a: Blastoise|atk|2\n|-boost|p1a: Blastoise|spa|2\n|-boost|p1a: Blastoise|spe|2\n|\n|upkeep\n|turn|5\n|\n|t:|1776869639\n|move|p1a: Blastoise|Water Pulse|p2a: Corviknight\n|-damage|p2a: Corviknight|2/100\n|move|p2a: Corviknight|Taunt|p1a: Blastoise\n|-start|p1a: Blastoise|move: Taunt\n|\n|upkeep\n|turn|6\n|\n|t:|1776869662\n|move|p1a: Blastoise|Ice Beam|p2a: Corviknight\n|-damage|p2a: Corviknight|0 fnt\n|faint|p2a: Corviknight\n|\n|upkeep\n|\n|t:|1776869669\n|switch|p2a: Lopunny|Lopunny-Mega, L50, F|100/100\n|turn|7\n|inactive|Keyan_Sans has 30 seconds left.\n|\n|t:|1776869695\n|move|p2a: Lopunny|Protect|p2a: Lopunny\n|-singleturn|p2a: Lopunny|Protect\n|move|p1a: Blastoise|Aura Sphere|p2a: Lopunny\n|-activate|p2a: Lopunny|move: Protect\n|\n|upkeep\n|turn|8\n|\n|t:|1776869701\n|move|p1a: Blastoise|Aura Sphere|p2a: Lopunny\n|-supereffective|p2a: Lopunny|1\n|-damage|p2a: Lopunny|0 fnt\n|faint|p2a: Lopunny\n|\n|-end|p1a: Blastoise|move: Taunt\n|upkeep\n|\n|t:|1776869710\n|switch|p2a: Garchomp|Garchomp, L50, M|100/100\n|turn|9\n|\n|t:|1776869715\n|move|p1a: Blastoise|Ice Beam|p2a: Garchomp\n|-supereffective|p2a: Garchomp|2\n|-damage|p2a: Garchomp|0 fnt\n|faint|p2a: Garchomp\n|\n|win|Keyan_Sans\n|raw|Keyan_Sans's rating: 1297 &rarr; <strong>1312</strong><br />(+15 for winning)\n|raw|Jugumyeon's rating: 1146 &rarr; <strong>1131</strong><br />(-15 for losing)\n", "uploadtime": 1776869718, "views": 9, "formatid": "gen9championsbssregma", "rating": 1131, "private": 0, "password": null}