{"id": "gen9championsbssregma-2592261060", "format": "[Gen 9 Champions] BSS Reg M-A", "players": ["SatoshAshKetchum11", "EstemanACG1"], "log": "|j|\u2606SatoshAshKetchum11\n|j|\u2606EstemanACG1\n|t:|1776974131\n|gametype|singles\n|player|p1|SatoshAshKetchum11|ash-kalos|1136\n|player|p2|EstemanACG1|riley|1190\n|gen|9\n|tier|[Gen 9 Champions] BSS Reg M-A\n|rated|\n|rule|Species Clause: Limit one of each Pok\u00e9mon\n|rule|Item Clause: Limit 1 of each item\n|clearpoke\n|poke|p1|Pikachu, L50, M|\n|poke|p1|Greninja, L50, M|\n|poke|p1|Talonflame, L50, M|\n|poke|p1|Hawlucha, L50, M|\n|poke|p1|Goodra, L50, M|\n|poke|p1|Noivern, L50, M|\n|poke|p2|Volcarona, L50, F|\n|poke|p2|Sinistcha, L50|\n|poke|p2|Basculegion, L50, M|\n|poke|p2|Tauros-Paldea-Aqua, L50, M|\n|poke|p2|Sneasler, L50, F|\n|poke|p2|Alakazam, L50, F|\n|teampreview|3\n|c|\u2606EstemanACG1|glhf\n|inactive|Battle timer is ON: inactive players will automatically lose when time's up. (requested by SatoshAshKetchum11)\n|\n|t:|1776974164\n|teamsize|p1|3\n|teamsize|p2|3\n|start\n|switch|p1a: Talonflame|Talonflame, L50, M|100/100\n|switch|p2a: Sneasler|Sneasler, L50, F|100/100\n|turn|1\n|\n|t:|1776974168\n|move|p1a: Talonflame|Will-O-Wisp|p2a: Sneasler\n|-status|p2a: Sneasler|brn\n|move|p2a: Sneasler|Close Combat|p1a: Talonflame\n|-resisted|p1a: Talonflame|1\n|-damage|p1a: Talonflame|82/100\n|-unboost|p2a: Sneasler|def|1\n|-unboost|p2a: Sneasler|spd|1\n|-enditem|p2a: Sneasler|White Herb\n|-clearnegativeboost|p2a: Sneasler|[silent]\n|\n|-heal|p1a: Talonflame|88/100|[from] item: Leftovers\n|-damage|p2a: Sneasler|95/100 brn|[from] brn\n|upkeep\n|turn|2\n|\n|t:|1776974174\n|move|p2a: Sneasler|Swords Dance|p2a: Sneasler\n|-boost|p2a: Sneasler|atk|2\n|move|p1a: Talonflame|Brave Bird|p2a: Sneasler\n|-supereffective|p2a: Sneasler|1\n|-damage|p2a: Sneasler|0 fnt\n|faint|p2a: Sneasler\n|-damage|p1a: Talonflame|61/100|[from] Recoil\n|\n|-heal|p1a: Talonflame|67/100|[from] item: Leftovers\n|upkeep\n|\n|t:|1776974178\n|switch|p2a: Basculegion|Basculegion, L50, M|100/100\n|turn|3\n|\n|t:|1776974182\n|switch|p1a: Greninja|Greninja, L50, M|100/100\n|move|p2a: Basculegion|Wave Crash|p1a: Greninja\n|-resisted|p1a: Greninja|1\n|-damage|p1a: Greninja|36/100\n|-damage|p2a: Basculegion|85/100|[from] Recoil\n|\n|upkeep\n|turn|4\n|\n|t:|1776974188\n|detailschange|p1a: Greninja|Greninja-Mega, L50, M\n|-mega|p1a: Greninja|Greninja|Greninjite\n|move|p2a: Basculegion|Wave Crash|p1a: Greninja\n|-resisted|p1a: Greninja|1\n|-damage|p1a: Greninja|0 fnt\n|faint|p1a: Greninja\n|-damage|p2a: Basculegion|76/100|[from] Recoil\n|\n|upkeep\n|\n|t:|1776974192\n|switch|p1a: Pikachu|Pikachu, L50, M|100/100\n|turn|5\n|\n|t:|1776974194\n|move|p2a: Basculegion|Wave Crash|p1a: Pikachu\n|-enditem|p1a: Pikachu|Focus Sash\n|-damage|p1a: Pikachu|1/100\n|-damage|p2a: Basculegion|57/100|[from] Recoil\n|move|p1a: Pikachu|Volt Tackle|p2a: Basculegion\n|-supereffective|p2a: Basculegion|1\n|-damage|p2a: Basculegion|0 fnt\n|faint|p2a: Basculegion\n|-damage|p1a: Pikachu|0 fnt|[from] Recoil\n|faint|p1a: Pikachu\n|\n|upkeep\n|\n|t:|1776974197\n|switch|p2a: Alakazam|Alakazam, L50, F|100/100\n|switch|p1a: Talonflame|Talonflame, L50, M|67/100\n|turn|6\n|\n|t:|1776974201\n|detailschange|p2a: Alakazam|Alakazam-Mega, L50, F\n|-mega|p2a: Alakazam|Alakazam|Alakazite\n|-ability|p2a: Alakazam|Flame Body|Trace|[from] ability: Trace|[of] p1a: Talonflame\n|move|p2a: Alakazam|Psychic|p1a: Talonflame\n|-damage|p1a: Talonflame|0 fnt\n|faint|p1a: Talonflame\n|\n|win|EstemanACG1\n|raw|SatoshAshKetchum11's rating: 1136 &rarr; <strong>1115</strong><br />(-21 for losing)\n|raw|EstemanACG1's rating: 1190 &rarr; <strong>1211</strong><br />(+21 for winning)\n|l|\u2606SatoshAshKetchum11\n|player|p1|\n", "uploadtime": 1776974388, "views": 15, "formatid": "gen9championsbssregma", "rating": 1115, "private": 0, "password": null}