{"id": "gen9championsbssregma-2592332952", "format": "[Gen 9 Champions] BSS Reg M-A", "players": ["Outofcure", "Lunartul"], "log": "|j|\u2606Outofcure\n|j|\u2606Lunartul\n|t:|1776979637\n|gametype|singles\n|player|p1|Outofcure|bruno-gen3|1322\n|player|p2|Lunartul|volkner|1226\n|gen|9\n|tier|[Gen 9 Champions] BSS Reg M-A\n|rated|\n|rule|Species Clause: Limit one of each Pok\u00e9mon\n|rule|Item Clause: Limit 1 of each item\n|clearpoke\n|poke|p1|Garchomp, L50, M|\n|poke|p1|Chesnaught, L50, M|\n|poke|p1|Tyranitar, L50, F|\n|poke|p1|Ninetales-Alola, L50, F|\n|poke|p1|Ceruledge, L50, F|\n|poke|p1|Glimmora, L50, F|\n|poke|p2|Bellibolt, L50, F|\n|poke|p2|Corviknight, L50, F|\n|poke|p2|Venusaur, L50, M|\n|poke|p2|Hydreigon, L50, F|\n|poke|p2|Starmie, L50|\n|poke|p2|Toxapex, L50, M|\n|teampreview|3\n|j| Cold Steel III\n|\n|t:|1776979695\n|teamsize|p1|3\n|teamsize|p2|3\n|start\n|switch|p1a: Ninetales|Ninetales-Alola, L50, F|100/100\n|switch|p2a: Toxapex|Toxapex, L50, M|100/100\n|-weather|Snowscape|[from] ability: Snow Warning|[of] p1a: Ninetales\n|turn|1\n|\n|t:|1776979707\n|move|p1a: Ninetales|Aurora Veil|p1a: Ninetales\n|-sidestart|p1: Outofcure|move: Aurora Veil\n|move|p2a: Toxapex|Toxic|p1a: Ninetales\n|-status|p1a: Ninetales|tox\n|-enditem|p1a: Ninetales|Lum Berry|[eat]\n|-curestatus|p1a: Ninetales|tox|[msg]\n|\n|-weather|Snowscape|[upkeep]\n|upkeep\n|turn|2\n|\n|t:|1776979713\n|switch|p1a: Garchomp|Garchomp, L50, M|100/100\n|move|p2a: Toxapex|Toxic|p1a: Garchomp\n|-status|p1a: Garchomp|tox\n|\n|-weather|Snowscape|[upkeep]\n|-damage|p1a: Garchomp|95/100 tox|[from] psn\n|upkeep\n|turn|3\n|\n|t:|1776979734\n|switch|p2a: Corviknight|Corviknight, L50, F|100/100\n|move|p1a: Garchomp|Swords Dance|p1a: Garchomp\n|-boost|p1a: Garchomp|atk|2\n|\n|-weather|Snowscape|[upkeep]\n|-damage|p1a: Garchomp|83/100 tox|[from] psn\n|upkeep\n|turn|4\n|\n|t:|1776979759\n|move|p1a: Garchomp|Fire Fang|p2a: Corviknight\n|-supereffective|p2a: Corviknight|1\n|-damage|p2a: Corviknight|48/100\n|move|p2a: Corviknight|U-turn|p1a: Garchomp\n|-damage|p1a: Garchomp|75/100 tox\n|-damage|p2a: Corviknight|35/100|[from] ability: Rough Skin|[of] p1a: Garchomp\n|\n|t:|1776979780\n|switch|p2a: Starmie|Starmie, L50|100/100|[from] U-turn\n|\n|-weather|Snowscape|[upkeep]\n|-damage|p1a: Garchomp|57/100 tox|[from] psn\n|upkeep\n|turn|5\n|\n|t:|1776979798\n|detailschange|p2a: Starmie|Starmie-Mega, L50\n|-mega|p2a: Starmie|Starmie|Starminite\n|move|p2a: Starmie|Ice Spinner|p1a: Garchomp\n|-supereffective|p1a: Garchomp|2\n|-damage|p1a: Garchomp|0 fnt\n|-damage|p2a: Starmie|88/100|[from] ability: Rough Skin|[of] p1a: Garchomp\n|faint|p1a: Garchomp\n|\n|-weather|none\n|-sideend|p1: Outofcure|move: Aurora Veil\n|upkeep\n|\n|t:|1776979804\n|switch|p1a: Ninetales|Ninetales-Alola, L50, F|100/100\n|-weather|Snowscape|[from] ability: Snow Warning|[of] p1a: Ninetales\n|turn|6\n|\n|t:|1776979824\n|switch|p2a: Toxapex|Toxapex, L50, M|100/100\n|move|p1a: Ninetales|Aurora Veil|p1a: Ninetales\n|-sidestart|p1: Outofcure|move: Aurora Veil\n|\n|-weather|Snowscape|[upkeep]\n|upkeep\n|turn|7\n|\n|t:|1776979830\n|move|p1a: Ninetales|Blizzard|p2a: Toxapex\n|-resisted|p2a: Toxapex|1\n|-damage|p2a: Toxapex|85/100\n|move|p2a: Toxapex|Toxic|p1a: Ninetales\n|-status|p1a: Ninetales|tox\n|\n|-weather|Snowscape|[upkeep]\n|-damage|p1a: Ninetales|94/100 tox|[from] psn\n|upkeep\n|turn|8\n|\n|t:|1776979840\n|move|p1a: Ninetales|Blizzard|p2a: Toxapex\n|-resisted|p2a: Toxapex|1\n|-damage|p2a: Toxapex|71/100\n|move|p2a: Toxapex|Chilling Water|p1a: Ninetales\n|-damage|p1a: Ninetales|89/100 tox\n|-unboost|p1a: Ninetales|atk|1\n|\n|-weather|Snowscape|[upkeep]\n|-damage|p1a: Ninetales|77/100 tox|[from] psn\n|upkeep\n|turn|9\n|\n|t:|1776979850\n|move|p1a: Ninetales|Moonblast|p2a: Toxapex\n|-resisted|p2a: Toxapex|1\n|-damage|p2a: Toxapex|57/100\n|move|p2a: Toxapex|Recover|p2a: Toxapex\n|-heal|p2a: Toxapex|100/100\n|\n|-weather|Snowscape|[upkeep]\n|-damage|p1a: Ninetales|59/100 tox|[from] psn\n|upkeep\n|turn|10\n|\n|t:|1776979859\n|move|p1a: Ninetales|Encore|p2a: Toxapex\n|-start|p2a: Toxapex|Encore\n|move|p2a: Toxapex|Recover||[still]\n|-fail|p2a: Toxapex|heal\n|\n|-weather|none\n|-damage|p1a: Ninetales|35/100 tox|[from] psn\n|-sideend|p1: Outofcure|move: Aurora Veil\n|upkeep\n|turn|11\n|\n|t:|1776979866\n|switch|p1a: Tyranitar|Tyranitar, L50, F|100/100\n|-weather|Sandstorm|[from] ability: Sand Stream|[of] p1a: Tyranitar\n|move|p2a: Toxapex|Recover||[still]\n|-fail|p2a: Toxapex|heal\n|\n|-weather|Sandstorm|[upkeep]\n|-damage|p2a: Toxapex|95/100|[from] Sandstorm\n|upkeep\n|turn|12\n|\n|t:|1776979877\n|switch|p2a: Corviknight|Corviknight, L50, F|35/100\n|detailschange|p1a: Tyranitar|Tyranitar-Mega, L50, F\n|-mega|p1a: Tyranitar|Tyranitar|Tyranitarite\n|move|p1a: Tyranitar|Dragon Dance|p1a: Tyranitar\n|-boost|p1a: Tyranitar|atk|1\n|-boost|p1a: Tyranitar|spe|1\n|\n|-weather|Sandstorm|[upkeep]\n|-heal|p2a: Corviknight|41/100|[from] item: Leftovers\n|upkeep\n|turn|13\n|\n|t:|1776979889\n|move|p1a: Tyranitar|Knock Off|p2a: Corviknight\n|-damage|p2a: Corviknight|0 fnt\n|-enditem|p2a: Corviknight|Leftovers|[from] move: Knock Off|[of] p1a: Tyranitar\n|faint|p2a: Corviknight\n|\n|-weather|Sandstorm|[upkeep]\n|upkeep\n|\n|t:|1776979895\n|switch|p2a: Toxapex|Toxapex, L50, M|100/100\n|turn|14\n|\n|t:|1776979902\n|move|p1a: Tyranitar|Earthquake|p2a: Toxapex\n|-supereffective|p2a: Toxapex|1\n|-enditem|p2a: Toxapex|Shuca Berry|[eat]\n|-enditem|p2a: Toxapex|Shuca Berry|[weaken]\n|-damage|p2a: Toxapex|44/100\n|move|p2a: Toxapex|Haze|p2a: Toxapex\n|-clearallboost\n|\n|-weather|Sandstorm|[upkeep]\n|-damage|p2a: Toxapex|39/100|[from] Sandstorm\n|upkeep\n|turn|15\n|\n|t:|1776979911\n|move|p1a: Tyranitar|Dragon Dance|p1a: Tyranitar\n|-boost|p1a: Tyranitar|atk|1\n|-boost|p1a: Tyranitar|spe|1\n|move|p2a: Toxapex|Toxic|p1a: Tyranitar\n|-status|p1a: Tyranitar|tox\n|\n|-weather|none\n|-damage|p1a: Tyranitar|95/100 tox|[from] psn\n|upkeep\n|turn|16\n|\n|t:|1776979921\n|move|p1a: Tyranitar|Earthquake|p2a: Toxapex\n|-supereffective|p2a: Toxapex|1\n|-damage|p2a: Toxapex|0 fnt\n|faint|p2a: Toxapex\n|\n|-damage|p1a: Tyranitar|83/100 tox|[from] psn\n|upkeep\n|\n|t:|1776979928\n|switch|p2a: Starmie|Starmie-Mega, L50|88/100\n|turn|17\n|\n|t:|1776979936\n|move|p2a: Starmie|Liquidation|p1a: Tyranitar\n|-supereffective|p1a: Tyranitar|1\n|-damage|p1a: Tyranitar|0 fnt\n|faint|p1a: Tyranitar\n|\n|upkeep\n|\n|t:|1776979940\n|switch|p1a: Ninetales|Ninetales-Alola, L50, F|35/100 tox\n|-weather|Snowscape|[from] ability: Snow Warning|[of] p1a: Ninetales\n|turn|18\n|\n|t:|1776979956\n|move|p2a: Starmie|Aqua Jet|p1a: Ninetales\n|-damage|p1a: Ninetales|0 fnt\n|faint|p1a: Ninetales\n|\n|win|Lunartul\n|raw|Outofcure's rating: 1322 &rarr; <strong>1297</strong><br />(-25 for losing)\n|raw|Lunartul's rating: 1226 &rarr; <strong>1258</strong><br />(+32 for winning)\n|l|\u2606Outofcure\n|player|p1|\n", "uploadtime": 1776979964, "views": 15, "formatid": "gen9championsbssregma", "rating": 1258, "private": 0, "password": null}