{"id": "gen9championsbssregma-2591669759", "format": "[Gen 9 Champions] BSS Reg M-A", "players": ["bushiluolikong", "nonight"], "log": "|j|\u2606bushiluolikong\n|j|\u2606nonight\n|t:|1776923693\n|gametype|singles\n|player|p1|bushiluolikong|pokekid|1144\n|player|p2|nonight|idol|1186\n|gen|9\n|tier|[Gen 9 Champions] BSS Reg M-A\n|rated|\n|rule|Species Clause: Limit one of each Pok\u00e9mon\n|rule|Item Clause: Limit 1 of each item\n|clearpoke\n|poke|p1|Basculegion, L50, M|\n|poke|p1|Dragonite, L50, M|\n|poke|p1|Garchomp, L50, F|\n|poke|p1|Kangaskhan, L50, F|\n|poke|p1|Primarina, L50, M|\n|poke|p1|Aegislash, L50, F|\n|poke|p2|Medicham, L50, M|\n|poke|p2|Hatterene, L50, F|\n|poke|p2|Kleavor, L50, M|\n|poke|p2|Kingambit, L50, F|\n|poke|p2|Crabominable, L50, M|\n|poke|p2|Heliolisk, L50, M|\n|teampreview|3\n|inactive|Battle timer is ON: inactive players will automatically lose when time's up. (requested by nonight)\n|inactive|bushiluolikong has 60 seconds left.\n|\n|t:|1776923754\n|teamsize|p1|3\n|teamsize|p2|3\n|start\n|switch|p1a: Kangaskhan|Kangaskhan, L50, F|100/100\n|switch|p2a: Kleavor|Kleavor, L50, M|100/100\n|turn|1\n|inactive|bushiluolikong has 30 seconds left.\n|inactive|nonight has 30 seconds left.\n|\n|t:|1776923785\n|detailschange|p1a: Kangaskhan|Kangaskhan-Mega, L50, F\n|-mega|p1a: Kangaskhan|Kangaskhan|Kangaskhanite\n|move|p2a: Kleavor|Tailwind|p2a: Kleavor\n|-sidestart|p2: nonight|move: Tailwind\n|move|p1a: Kangaskhan|Earthquake|p2a: Kleavor\n|-damage|p2a: Kleavor|52/100\n|-damage|p2a: Kleavor|39/100\n|-hitcount|p2a: Kleavor|2\n|\n|upkeep\n|turn|2\n|\n|t:|1776923799\n|move|p1a: Kangaskhan|Sucker Punch|p2a: Kleavor\n|-damage|p2a: Kleavor|7/100\n|-damage|p2a: Kleavor|0 fnt\n|faint|p2a: Kleavor\n|-hitcount|p2: Kleavor|2\n|\n|upkeep\n|\n|t:|1776923802\n|switch|p2a: Medicham|Medicham, L50, M|100/100\n|turn|3\n|\n|t:|1776923825\n|switch|p1a: Garchomp|Garchomp, L50, F|100/100\n|detailschange|p2a: Medicham|Medicham-Mega, L50, M\n|-mega|p2a: Medicham|Medicham|Medichamite\n|move|p2a: Medicham|Fire Punch|p1a: Garchomp\n|-resisted|p1a: Garchomp|1\n|-damage|p1a: Garchomp|77/100\n|-status|p1a: Garchomp|brn\n|-damage|p2a: Medicham|88/100|[from] ability: Rough Skin|[of] p1a: Garchomp\n|\n|-damage|p1a: Garchomp|71/100 brn|[from] brn\n|upkeep\n|turn|4\n|inactive|bushiluolikong has 30 seconds left.\n|\n|t:|1776923851\n|move|p2a: Medicham|Zen Headbutt|p1a: Garchomp\n|-damage|p1a: Garchomp|3/100 brn\n|-damage|p2a: Medicham|76/100|[from] ability: Rough Skin|[of] p1a: Garchomp\n|move|p1a: Garchomp|Outrage|p2a: Medicham\n|-damage|p2a: Medicham|25/100\n|\n|-damage|p1a: Garchomp|0 fnt|[from] brn\n|faint|p1a: Garchomp\n|-sideend|p2: nonight|move: Tailwind\n|upkeep\n|\n|t:|1776923862\n|switch|p1a: Basculegion|Basculegion, L50, M|100/100\n|turn|5\n|\n|t:|1776923877\n|switch|p2a: Heliolisk|Heliolisk, L50, M|100/100\n|move|p1a: Basculegion|Agility|p1a: Basculegion\n|-boost|p1a: Basculegion|spe|2\n|\n|upkeep\n|turn|6\n|\n|t:|1776923888\n|move|p1a: Basculegion|Wave Crash|p2a: Heliolisk\n|-immune|p2a: Heliolisk|[from] ability: Dry Skin\n|move|p2a: Heliolisk|Thunderbolt|p1a: Basculegion\n|-supereffective|p1a: Basculegion|1\n|-enditem|p1a: Basculegion|Focus Sash\n|-damage|p1a: Basculegion|1/100\n|\n|upkeep\n|turn|7\n|\n|t:|1776923905\n|switch|p1a: Kangaskhan|Kangaskhan-Mega, L50, F|100/100\n|move|p2a: Heliolisk|Glare|p1a: Kangaskhan\n|-status|p1a: Kangaskhan|par\n|\n|upkeep\n|turn|8\n|\n|t:|1776923920\n|move|p2a: Heliolisk|Shed Tail|p2a: Heliolisk\n|-start|p2a: Heliolisk|Substitute|[from] move: Shed Tail\n|-damage|p2a: Heliolisk|50/100\n|\n|t:|1776923923\n|switch|p2a: Medicham|Medicham-Mega, L50, M|25/100|[from] Shed Tail\n|move|p1a: Kangaskhan|Earthquake|p2a: Medicham\n|-end|p2a: Medicham|Substitute\n|-damage|p2a: Medicham|11/100\n|-hitcount|p2a: Medicham|2\n|\n|upkeep\n|turn|9\n|\n|t:|1776923934\n|move|p2a: Medicham|Bullet Punch|p1a: Kangaskhan\n|-crit|p1a: Kangaskhan\n|-damage|p1a: Kangaskhan|70/100 par\n|move|p1a: Kangaskhan|Sucker Punch||[still]\n|-fail|p1a: Kangaskhan\n|\n|upkeep\n|turn|10\n|\n|t:|1776923955\n|move|p2a: Medicham|Bullet Punch|p1a: Kangaskhan\n|-damage|p1a: Kangaskhan|51/100 par\n|move|p1a: Kangaskhan|Sucker Punch||[still]\n|-fail|p1a: Kangaskhan\n|\n|upkeep\n|turn|11\n|inactive|nonight has 30 seconds left.\n|\n|t:|1776923983\n|move|p2a: Medicham|Bullet Punch|p1a: Kangaskhan\n|-crit|p1a: Kangaskhan\n|-damage|p1a: Kangaskhan|18/100 par\n|move|p1a: Kangaskhan|Sucker Punch||[still]\n|-fail|p1a: Kangaskhan\n|\n|upkeep\n|turn|12\n|-message|bushiluolikong forfeited.\n|\n|win|nonight\n|raw|bushiluolikong's rating: 1144 &rarr; <strong>1122</strong><br />(-22 for losing)\n|raw|nonight's rating: 1186 &rarr; <strong>1208</strong><br />(+22 for winning)\n|l|\u2606bushiluolikong\n|player|p1|\n|j|\u2606bushiluolikong\n|player|p1|bushiluolikong|pokekid|\n|l|\u2606bushiluolikong\n|player|p1|\n", "uploadtime": 1776924004, "views": 7, "formatid": "gen9championsbssregma", "rating": 1122, "private": 0, "password": null}