{"id": "gen9championsbssregma-2590214988", "format": "[Gen 9 Champions] BSS Reg M-A", "players": ["hijanu", "catapulta32"], "log": "|j|\u2606hijanu\n|j|\u2606catapulta32\n|t:|1776794133\n|gametype|singles\n|player|p1|hijanu|hilbert|1103\n|player|p2|catapulta32|2|1152\n|gen|9\n|tier|[Gen 9 Champions] BSS Reg M-A\n|rated|\n|rule|Species Clause: Limit one of each Pok\u00e9mon\n|rule|Item Clause: Limit 1 of each item\n|clearpoke\n|poke|p1|Ceruledge, L50, F, shiny|\n|poke|p1|Rotom-Wash, L50, shiny|\n|poke|p1|Torterra, L50, M, shiny|\n|poke|p1|Archaludon, L50, M|\n|poke|p1|Slowking-Galar, L50, F, shiny|\n|poke|p1|Hydreigon, L50, M|\n|poke|p2|Gengar, L50, M|\n|poke|p2|Lucario, L50, M|\n|poke|p2|Palafin, L50, M|\n|poke|p2|Clefable, L50, F|\n|poke|p2|Arcanine, L50, M|\n|poke|p2|Serperior, L50, M|\n|teampreview|3\n|\n|t:|1776794162\n|teamsize|p1|3\n|teamsize|p2|3\n|start\n|switch|p1a: Torterra|Torterra, L50, M, shiny|100/100\n|switch|p2a: Palafin|Palafin, L50, M|100/100\n|turn|1\n|\n|t:|1776794171\n|move|p2a: Palafin|Flip Turn|p1a: Torterra\n|-damage|p1a: Torterra|79/100\n|\n|t:|1776794174\n|detailschange|p2a: Palafin|Palafin-Hero, L50, M\n|switch|p2a: Clefable|Clefable, L50, F|100/100|[from] Flip Turn\n|move|p1a: Torterra|Shell Smash|p1a: Torterra\n|-unboost|p1a: Torterra|def|1\n|-unboost|p1a: Torterra|spd|1\n|-boost|p1a: Torterra|atk|2\n|-boost|p1a: Torterra|spa|2\n|-boost|p1a: Torterra|spe|2\n|-enditem|p1a: Torterra|White Herb\n|-clearnegativeboost|p1a: Torterra|[silent]\n|\n|upkeep\n|turn|2\n|\n|t:|1776794190\n|move|p1a: Torterra|Stone Edge|p2a: Clefable|[miss]\n|-miss|p1a: Torterra|p2a: Clefable\n|move|p2a: Clefable|Fire Blast|p1a: Torterra\n|-supereffective|p1a: Torterra|1\n|-damage|p1a: Torterra|22/100\n|\n|upkeep\n|turn|3\n|\n|t:|1776794197\n|move|p1a: Torterra|Wood Hammer|p2a: Clefable\n|-damage|p2a: Clefable|38/100\n|-enditem|p2a: Clefable|Sitrus Berry|[eat]\n|-heal|p2a: Clefable|63/100|[from] item: Sitrus Berry\n|-damage|p1a: Torterra|0 fnt|[from] Recoil\n|faint|p1a: Torterra\n|move|p2a: Clefable|Moonblast|p1: Torterra|[notarget]\n|-fail|p2a: Clefable\n|\n|upkeep\n|\n|t:|1776794207\n|switch|p1a: Slowking|Slowking-Galar, L50, F, shiny|100/100\n|turn|4\n|\n|t:|1776794212\n|move|p2a: Clefable|Thunder Wave|p1a: Slowking\n|-status|p1a: Slowking|par\n|-enditem|p1a: Slowking|Lum Berry|[eat]\n|-curestatus|p1a: Slowking|par|[msg]\n|move|p1a: Slowking|Sludge Wave|p2a: Clefable\n|-supereffective|p2a: Clefable|1\n|-damage|p2a: Clefable|0 fnt\n|faint|p2a: Clefable\n|\n|upkeep\n|\n|t:|1776794220\n|switch|p2a: Gengar|Gengar, L50, M|100/100\n|turn|5\n|\n|t:|1776794225\n|detailschange|p2a: Gengar|Gengar-Mega, L50, M\n|-mega|p2a: Gengar|Gengar|Gengarite\n|move|p2a: Gengar|Shadow Ball|p1a: Slowking\n|-supereffective|p1a: Slowking|1\n|-damage|p1a: Slowking|10/100\n|move|p1a: Slowking|Eerie Spell|p2a: Gengar\n|-supereffective|p2a: Gengar|1\n|-damage|p2a: Gengar|0 fnt\n|faint|p2a: Gengar\n|\n|upkeep\n|\n|t:|1776794233\n|switch|p2a: Palafin|Palafin-Hero, L50, M|100/100\n|-activate|p2a: Palafin|ability: Zero to Hero\n|turn|6\n|\n|t:|1776794245\n|move|p2a: Palafin|Wave Crash|p1a: Slowking\n|-damage|p1a: Slowking|0 fnt\n|faint|p1a: Slowking\n|-damage|p2a: Palafin|96/100|[from] Recoil\n|\n|upkeep\n|\n|t:|1776794251\n|switch|p1a: Hydreigon|Hydreigon, L50, M|100/100\n|turn|7\n|\n|t:|1776794256\n|move|p2a: Palafin|Wave Crash|p1a: Hydreigon\n|-resisted|p1a: Hydreigon|1\n|-damage|p1a: Hydreigon|56/100\n|-damage|p2a: Palafin|82/100|[from] Recoil\n|move|p1a: Hydreigon|Dark Pulse|p2a: Palafin\n|-crit|p2a: Palafin\n|-damage|p2a: Palafin|3/100\n|\n|upkeep\n|turn|8\n|-message|catapulta32 forfeited.\n|\n|win|hijanu\n|raw|hijanu's rating: 1103 &rarr; <strong>1132</strong><br />(+29 for winning)\n|raw|catapulta32's rating: 1152 &rarr; <strong>1123</strong><br />(-29 for losing)\n|l|\u2606catapulta32\n|player|p2|\n", "uploadtime": 1776794267, "views": 4, "formatid": "gen9championsbssregma", "rating": 1123, "private": 0, "password": null}