{"id": "gen9championsbssregma-2589974614", "format": "[Gen 9 Champions] BSS Reg M-A", "players": ["gshs5", "toriware"], "log": "|j|\u2606gshs5\n|j|\u2606toriware\n|t:|1776778534\n|gametype|singles\n|player|p1|gshs5|101|1197\n|player|p2|toriware|swimmerf|1090\n|gen|9\n|tier|[Gen 9 Champions] BSS Reg M-A\n|rated|\n|rule|Species Clause: Limit one of each Pok\u00e9mon\n|rule|Item Clause: Limit 1 of each item\n|clearpoke\n|poke|p1|Venusaur, L50, F|\n|poke|p1|Hippowdon, L50, M|\n|poke|p1|Aegislash, L50, M|\n|poke|p1|Altaria, L50, M|\n|poke|p1|Rotom-Wash, L50|\n|poke|p1|Sylveon, L50, F|\n|poke|p2|Garchomp, L50, F|\n|poke|p2|Delphox, L50, M|\n|poke|p2|Starmie, L50|\n|poke|p2|Primarina, L50, F|\n|poke|p2|Aegislash, L50, F|\n|poke|p2|Umbreon, L50, F|\n|teampreview|3\n|inactive|Battle timer is ON: inactive players will automatically lose when time's up. (requested by toriware)\n|\n|t:|1776778559\n|teamsize|p1|3\n|teamsize|p2|3\n|start\n|switch|p1a: Rotom|Rotom-Wash, L50|100/100\n|switch|p2a: Primarina|Primarina, L50, F|100/100\n|turn|1\n|\n|t:|1776778571\n|move|p1a: Rotom|Thunder Wave|p2a: Primarina|[miss]\n|-miss|p1a: Rotom|p2a: Primarina\n|move|p2a: Primarina|Moonblast|p1a: Rotom\n|-damage|p1a: Rotom|45/100\n|-enditem|p1a: Rotom|Sitrus Berry|[eat]\n|-heal|p1a: Rotom|70/100|[from] item: Sitrus Berry\n|\n|upkeep\n|turn|2\n|\n|t:|1776778580\n|move|p1a: Rotom|Thunder Wave|p2a: Primarina\n|-status|p2a: Primarina|par\n|-enditem|p2a: Primarina|Lum Berry|[eat]\n|-curestatus|p2a: Primarina|par|[msg]\n|move|p2a: Primarina|Moonblast|p1a: Rotom\n|-damage|p1a: Rotom|10/100\n|\n|upkeep\n|turn|3\n|\n|t:|1776778589\n|move|p1a: Rotom|Thunder Wave|p2a: Primarina\n|-status|p2a: Primarina|par\n|cant|p2a: Primarina|par\n|\n|upkeep\n|turn|4\n|\n|t:|1776778595\n|move|p1a: Rotom|Hydro Pump|p2a: Primarina\n|-resisted|p2a: Primarina|1\n|-damage|p2a: Primarina|84/100 par\n|cant|p2a: Primarina|par\n|\n|upkeep\n|turn|5\n|\n|t:|1776778602\n|move|p1a: Rotom|Hydro Pump|p2a: Primarina\n|-resisted|p2a: Primarina|1\n|-damage|p2a: Primarina|69/100 par\n|move|p2a: Primarina|Sparkling Aria|p1a: Rotom\n|-resisted|p1a: Rotom|1\n|-crit|p1a: Rotom\n|-damage|p1a: Rotom|0 fnt\n|faint|p1a: Rotom\n|\n|upkeep\n|\n|t:|1776778606\n|switch|p1a: Sylveon|Sylveon, L50, F|100/100\n|turn|6\n|\n|t:|1776778626\n|move|p1a: Sylveon|Calm Mind|p1a: Sylveon\n|-boost|p1a: Sylveon|spa|1\n|-boost|p1a: Sylveon|spd|1\n|move|p2a: Primarina|Moonblast|p1a: Sylveon\n|-damage|p1a: Sylveon|72/100\n|-unboost|p1a: Sylveon|spa|1\n|\n|upkeep\n|turn|7\n|\n|t:|1776778635\n|switch|p2a: Starmie|Starmie, L50|100/100\n|move|p1a: Sylveon|Calm Mind|p1a: Sylveon\n|-boost|p1a: Sylveon|spa|1\n|-boost|p1a: Sylveon|spd|1\n|\n|upkeep\n|turn|8\n|\n|t:|1776778649\n|detailschange|p2a: Starmie|Starmie-Mega, L50\n|-mega|p2a: Starmie|Starmie|Starminite\n|move|p2a: Starmie|Liquidation|p1a: Sylveon\n|-damage|p1a: Sylveon|9/100\n|-unboost|p1a: Sylveon|def|1\n|move|p1a: Sylveon|Hyper Voice|p2a: Starmie\n|-damage|p2a: Starmie|12/100\n|\n|upkeep\n|turn|9\n|\n|t:|1776778661\n|move|p2a: Starmie|Aqua Jet|p1a: Sylveon\n|-damage|p1a: Sylveon|0 fnt\n|faint|p1a: Sylveon\n|\n|upkeep\n|\n|t:|1776778663\n|switch|p1a: Altaria|Altaria, L50, M|100/100\n|-ability|p1a: Altaria|Cloud Nine\n|turn|10\n|\n|t:|1776778669\n|detailschange|p1a: Altaria|Altaria-Mega, L50, M\n|-mega|p1a: Altaria|Altaria|Altarianite\n|move|p2a: Starmie|Ice Spinner|p1a: Altaria\n|-supereffective|p1a: Altaria|1\n|-damage|p1a: Altaria|5/100\n|move|p1a: Altaria|Dragon Dance|p1a: Altaria\n|-boost|p1a: Altaria|atk|1\n|-boost|p1a: Altaria|spe|1\n|\n|upkeep\n|turn|11\n|\n|t:|1776778678\n|move|p2a: Starmie|Aqua Jet|p1a: Altaria\n|-resisted|p1a: Altaria|1\n|-damage|p1a: Altaria|0 fnt\n|faint|p1a: Altaria\n|\n|win|toriware\n|raw|gshs5's rating: 1197 &rarr; <strong>1165</strong><br />(-32 for losing)\n|raw|toriware's rating: 1090 &rarr; <strong>1124</strong><br />(+34 for winning)\n", "uploadtime": 1776778681, "views": 1, "formatid": "gen9championsbssregma", "rating": 1124, "private": 0, "password": null}