{"id": "gen9championsbssregma-2589661381", "format": "[Gen 9 Champions] BSS Reg M-A", "players": ["ramoneddo", "lligand"], "log": "|j|\u2606ramoneddo\n|j|\u2606lligand\n|t:|1776744270\n|gametype|singles\n|player|p1|ramoneddo|pokefan-gen4|1305\n|player|p2|lligand|2|1377\n|gen|9\n|tier|[Gen 9 Champions] BSS Reg M-A\n|rated|\n|rule|Species Clause: Limit one of each Pok\u00e9mon\n|rule|Item Clause: Limit 1 of each item\n|clearpoke\n|poke|p1|Umbreon, L50, M|\n|poke|p1|Serperior, L50, M|\n|poke|p1|Arcanine, L50, M|\n|poke|p1|Blastoise, L50, M|\n|poke|p1|Corviknight, L50, M|\n|poke|p1|Lucario, L50, M|\n|poke|p2|Dragapult, L50, F|\n|poke|p2|Venusaur, L50, M|\n|poke|p2|Corviknight, L50, M|\n|poke|p2|Hydreigon, L50, F|\n|poke|p2|Milotic, L50, M|\n|poke|p2|Manectric, L50, F|\n|teampreview|3\n|inactive|Battle timer is ON: inactive players will automatically lose when time's up. (requested by lligand)\n|j| p74\n|inactive|lligand has 60 seconds left.\n|\n|t:|1776744306\n|teamsize|p1|3\n|teamsize|p2|3\n|start\n|switch|p1a: Serperior|Serperior, L50, M|100/100\n|switch|p2a: Dragapult|Dragapult, L50, F|100/100\n|turn|1\n|\n|t:|1776744313\n|switch|p1a: Arcanine|Arcanine, L50, M|100/100\n|-ability|p1a: Arcanine|Intimidate|boost\n|-unboost|p2a: Dragapult|atk|1\n|move|p2a: Dragapult|Dragon Dance|p2a: Dragapult\n|-boost|p2a: Dragapult|atk|1\n|-boost|p2a: Dragapult|spe|1\n|\n|upkeep\n|turn|2\n|j| Cold Steel III\n|\n|t:|1776744336\n|move|p2a: Dragapult|Dragon Darts|p1a: Arcanine\n|-damage|p1a: Arcanine|82/100\n|-anim|p2a: Dragapult|Dragon Darts|p1a: Arcanine\n|-damage|p1a: Arcanine|63/100\n|move|p1a: Arcanine|Will-O-Wisp|p2a: Dragapult\n|-status|p2a: Dragapult|brn\n|\n|-heal|p1a: Arcanine|70/100|[from] item: Leftovers\n|-damage|p2a: Dragapult|94/100 brn|[from] brn\n|upkeep\n|turn|3\n|\n|t:|1776744340\n|move|p2a: Dragapult|Curse|p1a: Arcanine\n|-start|p1a: Arcanine|Curse|[of] p2a: Dragapult\n|-damage|p2a: Dragapult|45/100 brn\n|move|p1a: Arcanine|Morning Sun|p1a: Arcanine\n|-heal|p1a: Arcanine|100/100\n|\n|-damage|p2a: Dragapult|39/100 brn|[from] brn\n|-damage|p1a: Arcanine|76/100|[from] Curse\n|upkeep\n|turn|4\n|\n|t:|1776744346\n|switch|p1a: Lucario|Lucario, L50, M|100/100\n|move|p2a: Dragapult|Dragon Darts|p1a: Lucario\n|-resisted|p1a: Lucario|1\n|-damage|p1a: Lucario|91/100\n|-anim|p2a: Dragapult|Dragon Darts|p1a: Lucario\n|-resisted|p1a: Lucario|1\n|-damage|p1a: Lucario|80/100\n|\n|-damage|p2a: Dragapult|33/100 brn|[from] brn\n|upkeep\n|turn|5\n|\n|t:|1776744351\n|detailschange|p1a: Lucario|Lucario-Mega, L50, M\n|-mega|p1a: Lucario|Lucario|Lucarionite\n|move|p1a: Lucario|Bullet Punch|p2a: Dragapult\n|-damage|p2a: Dragapult|0 fnt\n|faint|p2a: Dragapult\n|\n|upkeep\n|\n|t:|1776744356\n|switch|p2a: Manectric|Manectric, L50, F|100/100\n|turn|6\n|\n|t:|1776744364\n|switch|p1a: Arcanine|Arcanine, L50, M|76/100\n|-ability|p1a: Arcanine|Intimidate|boost\n|-unboost|p2a: Manectric|atk|1\n|detailschange|p2a: Manectric|Manectric-Mega, L50, F\n|-mega|p2a: Manectric|Manectric|Manectite\n|-ability|p2a: Manectric|Intimidate|boost\n|-unboost|p1a: Arcanine|atk|1\n|move|p2a: Manectric|Overheat|p1a: Arcanine\n|-resisted|p1a: Arcanine|1\n|-damage|p1a: Arcanine|52/100\n|-unboost|p2a: Manectric|spa|2\n|\n|-heal|p1a: Arcanine|58/100|[from] item: Leftovers\n|upkeep\n|turn|7\n|\n|t:|1776744373\n|move|p2a: Manectric|Volt Switch|p1a: Arcanine\n|-damage|p1a: Arcanine|37/100\n|\n|t:|1776744376\n|switch|p2a: Corviknight|Corviknight, L50, M|100/100|[from] Volt Switch\n|-ability|p2a: Corviknight|Pressure\n|move|p1a: Arcanine|Morning Sun|p1a: Arcanine\n|-heal|p1a: Arcanine|86/100\n|\n|-heal|p1a: Arcanine|92/100|[from] item: Leftovers\n|upkeep\n|turn|8\n|\n|t:|1776744378\n|move|p1a: Arcanine|Will-O-Wisp|p2a: Corviknight\n|-status|p2a: Corviknight|brn\n|move|p2a: Corviknight|Iron Defense|p2a: Corviknight\n|-boost|p2a: Corviknight|def|2\n|\n|-heal|p1a: Arcanine|98/100|[from] item: Leftovers\n|-damage|p2a: Corviknight|94/100 brn|[from] brn\n|upkeep\n|turn|9\n|\n|t:|1776744381\n|move|p1a: Arcanine|Flare Blitz|p2a: Corviknight\n|-supereffective|p2a: Corviknight|1\n|-damage|p2a: Corviknight|73/100 brn\n|-damage|p1a: Arcanine|91/100|[from] Recoil\n|move|p2a: Corviknight|Iron Defense|p2a: Corviknight\n|-boost|p2a: Corviknight|def|2\n|\n|-heal|p1a: Arcanine|97/100|[from] item: Leftovers\n|-heal|p2a: Corviknight|79/100 brn|[from] item: Leftovers\n|-damage|p2a: Corviknight|73/100 brn|[from] brn\n|upkeep\n|turn|10\n|\n|t:|1776744384\n|switch|p1a: Serperior|Serperior, L50, M|100/100\n|move|p2a: Corviknight|Iron Defense|p2a: Corviknight\n|-boost|p2a: Corviknight|def|2\n|\n|-heal|p2a: Corviknight|79/100 brn|[from] item: Leftovers\n|-damage|p2a: Corviknight|73/100 brn|[from] brn\n|upkeep\n|turn|11\n|\n|t:|1776744387\n|move|p1a: Serperior|Leech Seed|p2a: Corviknight\n|-start|p2a: Corviknight|move: Leech Seed\n|move|p2a: Corviknight|Body Press|p1a: Serperior\n|-damage|p1a: Serperior|35/100\n|\n|-heal|p2a: Corviknight|79/100 brn|[from] item: Leftovers\n|-damage|p2a: Corviknight|66/100 brn|[from] Leech Seed|[of] p1a: Serperior\n|-heal|p1a: Serperior|51/100|[silent]\n|-damage|p2a: Corviknight|60/100 brn|[from] brn\n|upkeep\n|turn|12\n|\n|t:|1776744394\n|move|p1a: Serperior|Substitute|p1a: Serperior\n|-start|p1a: Serperior|Substitute\n|-damage|p1a: Serperior|26/100\n|move|p2a: Corviknight|Body Press|p1a: Serperior\n|-end|p1a: Serperior|Substitute\n|\n|-heal|p2a: Corviknight|66/100 brn|[from] item: Leftovers\n|-damage|p2a: Corviknight|54/100 brn|[from] Leech Seed|[of] p1a: Serperior\n|-heal|p1a: Serperior|42/100|[silent]\n|-damage|p2a: Corviknight|48/100 brn|[from] brn\n|upkeep\n|turn|13\n|\n|t:|1776744398\n|move|p1a: Serperior|Substitute|p1a: Serperior\n|-start|p1a: Serperior|Substitute\n|-damage|p1a: Serperior|18/100\n|move|p2a: Corviknight|Roost|p2a: Corviknight\n|-heal|p2a: Corviknight|98/100 brn\n|-singleturn|p2a: Corviknight|move: Roost\n|\n|-heal|p2a: Corviknight|100/100 brn|[from] item: Leftovers\n|-damage|p2a: Corviknight|88/100 brn|[from] Leech Seed|[of] p1a: Serperior\n|-heal|p1a: Serperior|34/100|[silent]\n|-damage|p2a: Corviknight|82/100 brn|[from] brn\n|upkeep\n|turn|14\n|\n|t:|1776744403\n|move|p1a: Serperior|Leaf Storm|p2a: Corviknight\n|-resisted|p2a: Corviknight|2\n|-damage|p2a: Corviknight|70/100 brn\n|-boost|p1a: Serperior|spa|2\n|move|p2a: Corviknight|Body Press|p1a: Serperior\n|-end|p1a: Serperior|Substitute\n|\n|-heal|p2a: Corviknight|76/100 brn|[from] item: Leftovers\n|-damage|p2a: Corviknight|64/100 brn|[from] Leech Seed|[of] p1a: Serperior\n|-heal|p1a: Serperior|50/100|[silent]\n|-damage|p2a: Corviknight|57/100 brn|[from] brn\n|upkeep\n|turn|15\n|\n|t:|1776744413\n|move|p1a: Serperior|Substitute|p1a: Serperior\n|-start|p1a: Serperior|Substitute\n|-damage|p1a: Serperior|25/100\n|move|p2a: Corviknight|Body Press|p1a: Serperior\n|-end|p1a: Serperior|Substitute\n|\n|-heal|p2a: Corviknight|64/100 brn|[from] item: Leftovers\n|-damage|p2a: Corviknight|51/100 brn|[from] Leech Seed|[of] p1a: Serperior\n|-heal|p1a: Serperior|41/100|[silent]\n|-damage|p2a: Corviknight|45/100 brn|[from] brn\n|upkeep\n|turn|16\n|\n|t:|1776744421\n|move|p1a: Serperior|Substitute|p1a: Serperior\n|-start|p1a: Serperior|Substitute\n|-damage|p1a: Serperior|16/100\n|move|p2a: Corviknight|Body Press|p1a: Serperior\n|-end|p1a: Serperior|Substitute\n|\n|-heal|p2a: Corviknight|51/100 brn|[from] item: Leftovers\n|-damage|p2a: Corviknight|39/100 brn|[from] Leech Seed|[of] p1a: Serperior\n|-heal|p1a: Serperior|32/100|[silent]\n|-damage|p2a: Corviknight|33/100 brn|[from] brn\n|upkeep\n|turn|17\n|\n|t:|1776744426\n|move|p1a: Serperior|Substitute|p1a: Serperior\n|-start|p1a: Serperior|Substitute\n|-damage|p1a: Serperior|8/100\n|move|p2a: Corviknight|U-turn|p1a: Serperior\n|-supereffective|p1a: Serperior|1\n|-activate|p1a: Serperior|move: Substitute|[damage]\n|\n|t:|1776744428\n|switch|p2a: Manectric|Manectric-Mega, L50, F|100/100|[from] U-turn\n|-ability|p2a: Manectric|Intimidate|boost\n|-immune|p1a: Serperior\n|\n|upkeep\n|turn|18\n|\n|t:|1776744432\n|move|p2a: Manectric|Snarl|p1a: Serperior\n|-damage|p1a: Serperior|0 fnt\n|faint|p1a: Serperior\n|\n|upkeep\n|\n|t:|1776744437\n|switch|p1a: Arcanine|Arcanine, L50, M|97/100\n|-ability|p1a: Arcanine|Intimidate|boost\n|-unboost|p2a: Manectric|atk|1\n|turn|19\n|\n|t:|1776744441\n|move|p2a: Manectric|Volt Switch|p1a: Arcanine\n|-damage|p1a: Arcanine|57/100\n|\n|t:|1776744443\n|switch|p2a: Corviknight|Corviknight, L50, M|33/100 brn|[from] Volt Switch\n|-ability|p2a: Corviknight|Pressure\n|move|p1a: Arcanine|Flare Blitz|p2a: Corviknight\n|-supereffective|p2a: Corviknight|1\n|-damage|p2a: Corviknight|0 fnt\n|faint|p2a: Corviknight\n|-damage|p1a: Arcanine|47/100|[from] Recoil\n|\n|-heal|p1a: Arcanine|53/100|[from] item: Leftovers\n|upkeep\n|\n|t:|1776744445\n|switch|p2a: Manectric|Manectric-Mega, L50, F|100/100\n|-ability|p2a: Manectric|Intimidate|boost\n|-unboost|p1a: Arcanine|atk|1\n|turn|20\n|\n|t:|1776744449\n|move|p2a: Manectric|Thunderbolt|p1a: Arcanine\n|-damage|p1a: Arcanine|0 fnt\n|faint|p1a: Arcanine\n|\n|upkeep\n|\n|t:|1776744452\n|switch|p1a: Lucario|Lucario-Mega, L50, M|80/100\n|turn|21\n|\n|t:|1776744455\n|move|p2a: Manectric|Overheat|p1a: Lucario\n|-supereffective|p1a: Lucario|1\n|-damage|p1a: Lucario|0 fnt\n|-unboost|p2a: Manectric|spa|2\n|faint|p1a: Lucario\n|\n|win|lligand\n|raw|ramoneddo's rating: 1305 &rarr; <strong>1289</strong><br />(-16 for losing)\n|raw|lligand's rating: 1377 &rarr; <strong>1393</strong><br />(+16 for winning)\n|l|\u2606lligand\n|player|p2|\n|l|\u2606ramoneddo\n|player|p1|\n", "uploadtime": 1776744568, "views": 4, "formatid": "gen9championsbssregma", "rating": 1289, "private": 0, "password": null}