{"id": "gen9championsbssregma-2593186181", "format": "[Gen 9 Champions] BSS Reg M-A", "players": ["yann3779", "boi in the back"], "log": "|j|\u2606yann3779\n|j|\u2606boi in the back\n|t:|1777059042\n|gametype|singles\n|player|p1|yann3779|1|1234\n|player|p2|boi in the back|jacinthe|1332\n|gen|9\n|tier|[Gen 9 Champions] BSS Reg M-A\n|rated|\n|rule|Species Clause: Limit one of each Pok\u00e9mon\n|rule|Item Clause: Limit 1 of each item\n|clearpoke\n|poke|p1|Volcarona, L50, F|\n|poke|p1|Lopunny, L50, F|\n|poke|p1|Aerodactyl, L50, F|\n|poke|p1|Gengar, L50, M|\n|poke|p1|Basculegion, L50, M|\n|poke|p1|Hatterene, L50, F|\n|poke|p2|Meganium, L50, M, shiny|\n|poke|p2|Garchomp, L50, F|\n|poke|p2|Lucario, L50, F|\n|poke|p2|Kingambit, L50, F|\n|poke|p2|Volcarona, L50, M, shiny|\n|poke|p2|Gengar, L50, M|\n|teampreview|3\n|inactive|Battle timer is ON: inactive players will automatically lose when time's up. (requested by boi in the back)\n|\n|t:|1777059069\n|teamsize|p1|3\n|teamsize|p2|3\n|start\n|switch|p1a: Aerodactyl|Aerodactyl, L50, F|100/100\n|switch|p2a: Lucario|Lucario, L50, F|100/100\n|-ability|p1a: Aerodactyl|Unnerve\n|turn|1\n|\n|t:|1777059072\n|detailschange|p2a: Lucario|Lucario-Mega, L50, F\n|-mega|p2a: Lucario|Lucario|Lucarionite\n|move|p1a: Aerodactyl|Stealth Rock|p2a: Lucario\n|-sidestart|p2: boi in the back|move: Stealth Rock\n|move|p2a: Lucario|Meteor Mash|p1a: Aerodactyl\n|-supereffective|p1a: Aerodactyl|1\n|-enditem|p1a: Aerodactyl|Focus Sash\n|-damage|p1a: Aerodactyl|1/100\n|-boost|p2a: Lucario|atk|1\n|\n|upkeep\n|turn|2\n|\n|t:|1777059078\n|move|p2a: Lucario|Extreme Speed|p1a: Aerodactyl\n|-resisted|p1a: Aerodactyl|1\n|-damage|p1a: Aerodactyl|0 fnt\n|faint|p1a: Aerodactyl\n|\n|upkeep\n|\n|t:|1777059080\n|switch|p1a: Lopunny|Lopunny, L50, F|100/100\n|turn|3\n|\n|t:|1777059084\n|detailschange|p1a: Lopunny|Lopunny-Mega, L50, F\n|-mega|p1a: Lopunny|Lopunny|Lopunnite\n|move|p2a: Lucario|Close Combat|p1a: Lopunny\n|-supereffective|p1a: Lopunny|1\n|-damage|p1a: Lopunny|0 fnt\n|-unboost|p2a: Lucario|def|1\n|-unboost|p2a: Lucario|spd|1\n|faint|p1a: Lopunny\n|\n|upkeep\n|\n|t:|1777059100\n|switch|p1a: Volcarona|Volcarona, L50, F|100/100\n|turn|4\n|\n|t:|1777059102\n|move|p2a: Lucario|Stone Edge|p1a: Volcarona|[miss]\n|-miss|p2a: Lucario|p1a: Volcarona\n|move|p1a: Volcarona|Fiery Dance|p2a: Lucario\n|-supereffective|p2a: Lucario|1\n|-damage|p2a: Lucario|0 fnt\n|-boost|p1a: Volcarona|spa|1\n|faint|p2a: Lucario\n|\n|upkeep\n|\n|t:|1777059105\n|switch|p2a: Garchomp|Garchomp, L50, F|100/100\n|-damage|p2a: Garchomp|94/100|[from] Stealth Rock\n|turn|5\n|\n|t:|1777059109\n|move|p2a: Garchomp|Earthquake|p1a: Volcarona\n|-damage|p1a: Volcarona|47/100\n|-enditem|p1a: Volcarona|Sitrus Berry|[eat]\n|-heal|p1a: Volcarona|72/100|[from] item: Sitrus Berry\n|move|p1a: Volcarona|Quiver Dance|p1a: Volcarona\n|-boost|p1a: Volcarona|spa|1\n|-boost|p1a: Volcarona|spd|1\n|-boost|p1a: Volcarona|spe|1\n|\n|upkeep\n|turn|6\n|\n|t:|1777059112\n|move|p2a: Garchomp|Earthquake|p1a: Volcarona\n|-damage|p1a: Volcarona|14/100\n|move|p1a: Volcarona|Quiver Dance|p1a: Volcarona\n|-boost|p1a: Volcarona|spa|1\n|-boost|p1a: Volcarona|spd|1\n|-boost|p1a: Volcarona|spe|1\n|\n|upkeep\n|turn|7\n|\n|t:|1777059116\n|move|p1a: Volcarona|Morning Sun|p1a: Volcarona\n|-heal|p1a: Volcarona|64/100\n|move|p2a: Garchomp|Earthquake|p1a: Volcarona\n|-damage|p1a: Volcarona|6/100\n|\n|upkeep\n|turn|8\n|\n|t:|1777059120\n|move|p1a: Volcarona|Giga Drain|p2a: Garchomp\n|-damage|p2a: Garchomp|31/100\n|-heal|p1a: Volcarona|36/100|[from] drain|[of] p2a: Garchomp\n|move|p2a: Garchomp|Earthquake|p1a: Volcarona\n|-damage|p1a: Volcarona|0 fnt\n|faint|p1a: Volcarona\n|\n|win|boi in the back\n|raw|yann3779's rating: 1234 &rarr; <strong>1216</strong><br />(-18 for losing)\n|raw|boi in the back's rating: 1332 &rarr; <strong>1347</strong><br />(+15 for winning)\n", "uploadtime": 1777059127, "views": 2, "formatid": "gen9championsbssregma", "rating": 1216, "private": 0, "password": null}