{"id": "gen9championsbssregma-2592497528", "format": "[Gen 9 Champions] BSS Reg M-A", "players": ["groundskin", "meteor1101"], "log": "|j|\u2606groundskin\n|j|\u2606meteor1101\n|t:|1776995340\n|gametype|singles\n|player|p1|groundskin|101|1379\n|player|p2|meteor1101|acetrainerf|1372\n|gen|9\n|tier|[Gen 9 Champions] BSS Reg M-A\n|rated|\n|rule|Species Clause: Limit one of each Pok\u00e9mon\n|rule|Item Clause: Limit 1 of each item\n|clearpoke\n|poke|p1|Espathra, L50, M|\n|poke|p1|Floette-Eternal, L50, F|\n|poke|p1|Gyarados, L50, F|\n|poke|p1|Volcarona, L50, M|\n|poke|p1|Basculegion, L50, M|\n|poke|p1|Ninetales-Alola, L50, M, shiny|\n|poke|p2|Kingambit, L50, F|\n|poke|p2|Meowscarada, L50, F|\n|poke|p2|Primarina, L50, F|\n|poke|p2|Dragonite, L50, M|\n|poke|p2|Aegislash, L50, M|\n|poke|p2|Banette, L50, M|\n|teampreview|3\n|inactive|Battle timer is ON: inactive players will automatically lose when time's up. (requested by groundskin)\n|\n|t:|1776995382\n|teamsize|p1|3\n|teamsize|p2|3\n|start\n|switch|p1a: Ninetales|Ninetales-Alola, L50, M, shiny|100/100\n|switch|p2a: Kingambit|Kingambit, L50, F|100/100\n|-weather|Snowscape|[from] ability: Snow Warning|[of] p1a: Ninetales\n|turn|1\n|\n|t:|1776995395\n|move|p1a: Ninetales|Blizzard|p2a: Kingambit\n|-resisted|p2a: Kingambit|1\n|-damage|p2a: Kingambit|77/100\n|move|p2a: Kingambit|Iron Head|p1a: Ninetales\n|-supereffective|p1a: Ninetales|2\n|-enditem|p1a: Ninetales|Focus Sash\n|-damage|p1a: Ninetales|1/100\n|\n|-weather|Snowscape|[upkeep]\n|upkeep\n|turn|2\n|\n|t:|1776995410\n|-end|p2a: Kingambit|fallenundefined|[silent]\n|switch|p2a: Banette|Banette, L50, M|100/100\n|move|p1a: Ninetales|Aurora Veil|p1a: Ninetales\n|-sidestart|p1: groundskin|move: Aurora Veil\n|\n|-weather|Snowscape|[upkeep]\n|upkeep\n|turn|3\n|\n|t:|1776995416\n|switch|p1a: Gyarados|Gyarados, L50, F|100/100\n|-ability|p1a: Gyarados|Intimidate|boost\n|-unboost|p2a: Banette|atk|1\n|detailschange|p2a: Banette|Banette-Mega, L50, M\n|-mega|p2a: Banette|Banette|Banettite\n|move|p2a: Banette|Poltergeist|p1a: Gyarados\n|-activate|p1a: Gyarados|move: Poltergeist|Gyaradosite\n|-damage|p1a: Gyarados|72/100\n|\n|-weather|Snowscape|[upkeep]\n|upkeep\n|turn|4\n|\n|t:|1776995426\n|switch|p2a: Meowscarada|Meowscarada, L50, F|100/100\n|detailschange|p1a: Gyarados|Gyarados-Mega, L50, F\n|-mega|p1a: Gyarados|Gyarados|Gyaradosite\n|-ability|p1a: Gyarados|Mold Breaker\n|move|p1a: Gyarados|Dragon Dance|p1a: Gyarados\n|-boost|p1a: Gyarados|atk|1\n|-boost|p1a: Gyarados|spe|1\n|\n|-weather|Snowscape|[upkeep]\n|upkeep\n|turn|5\n|\n|t:|1776995433\n|switch|p1a: Volcarona|Volcarona, L50, M|100/100\n|move|p2a: Meowscarada|Flower Trick|p1a: Volcarona\n|-start|p2a: Meowscarada|typechange|Grass|[from] ability: Protean\n|-resisted|p1a: Volcarona|2\n|-crit|p1a: Volcarona\n|-damage|p1a: Volcarona|87/100\n|\n|-weather|none\n|upkeep\n|turn|6\n|\n|t:|1776995444\n|switch|p2a: Banette|Banette-Mega, L50, M|100/100\n|move|p1a: Volcarona|Fiery Dance|p2a: Banette\n|-damage|p2a: Banette|48/100\n|-boost|p1a: Volcarona|spa|1\n|\n|-sideend|p1: groundskin|move: Aurora Veil\n|upkeep\n|turn|7\n|\n|t:|1776995451\n|move|p2a: Banette|Destiny Bond|p2a: Banette\n|-singlemove|p2a: Banette|Destiny Bond\n|move|p1a: Volcarona|Quiver Dance|p1a: Volcarona\n|-boost|p1a: Volcarona|spa|1\n|-boost|p1a: Volcarona|spd|1\n|-boost|p1a: Volcarona|spe|1\n|\n|upkeep\n|turn|8\n|\n|t:|1776995454\n|move|p2a: Banette|Encore|p1a: Volcarona\n|-start|p1a: Volcarona|Encore\n|move|p1a: Volcarona|Quiver Dance|p1a: Volcarona\n|-boost|p1a: Volcarona|spa|1\n|-boost|p1a: Volcarona|spd|1\n|-boost|p1a: Volcarona|spe|1\n|\n|upkeep\n|turn|9\n|\n|t:|1776995457\n|switch|p1a: Gyarados|Gyarados-Mega, L50, F|72/100\n|-ability|p1a: Gyarados|Mold Breaker\n|move|p2a: Banette|Poltergeist|p1a: Gyarados\n|-activate|p1a: Gyarados|move: Poltergeist|Gyaradosite\n|-resisted|p1a: Gyarados|1\n|-damage|p1a: Gyarados|38/100\n|\n|upkeep\n|turn|10\n|\n|t:|1776995468\n|switch|p2a: Kingambit|Kingambit, L50, F|77/100\n|move|p1a: Gyarados|Ice Fang|p2a: Kingambit\n|-resisted|p2a: Kingambit|1\n|-damage|p2a: Kingambit|66/100\n|-status|p2a: Kingambit|frz\n|\n|upkeep\n|turn|11\n|\n|t:|1776995473\n|-end|p2a: Kingambit|fallenundefined|[silent]\n|switch|p2a: Meowscarada|Meowscarada, L50, F|100/100\n|move|p1a: Gyarados|Earthquake|p2a: Meowscarada\n|-resisted|p2a: Meowscarada|1\n|-damage|p2a: Meowscarada|69/100\n|\n|upkeep\n|turn|12\n|\n|t:|1776995483\n|move|p2a: Meowscarada|U-turn|p1a: Gyarados\n|-start|p2a: Meowscarada|typechange|Bug|[from] ability: Protean\n|-supereffective|p1a: Gyarados|1\n|-damage|p1a: Gyarados|0 fnt\n|faint|p1a: Gyarados\n|\n|t:|1776995488\n|switch|p2a: Banette|Banette-Mega, L50, M|48/100|[from] U-turn\n|\n|upkeep\n|\n|t:|1776995492\n|switch|p1a: Volcarona|Volcarona, L50, M|87/100\n|turn|13\n|\n|t:|1776995500\n|move|p2a: Banette|Destiny Bond|p2a: Banette\n|-singlemove|p2a: Banette|Destiny Bond\n|move|p1a: Volcarona|Fiery Dance|p2a: Banette\n|-crit|p2a: Banette\n|-damage|p2a: Banette|0 fnt\n|-boost|p1a: Volcarona|spa|1\n|faint|p2a: Banette\n|-activate|p2a: Banette|move: Destiny Bond\n|faint|p1a: Volcarona\n|\n|upkeep\n|-message|groundskin forfeited.\n|\n|win|meteor1101\n|raw|groundskin's rating: 1379 &rarr; <strong>1359</strong><br />(-20 for losing)\n|raw|meteor1101's rating: 1372 &rarr; <strong>1392</strong><br />(+20 for winning)\n|l|\u2606groundskin\n|player|p1|\n", "uploadtime": 1776995512, "views": 3, "formatid": "gen9championsbssregma", "rating": 1359, "private": 0, "password": null}