{"id": "gen9championsbssregma-2590362576", "format": "[Gen 9 Champions] BSS Reg M-A", "players": ["Ripe Avacado", "Aledson"], "log": "|j|\u2606Ripe Avacado\n|j|\u2606Aledson\n|t:|1776803906\n|gametype|singles\n|player|p1|Ripe Avacado|swimmerf|1227\n|player|p2|Aledson|170|1141\n|gen|9\n|tier|[Gen 9 Champions] BSS Reg M-A\n|rated|\n|rule|Species Clause: Limit one of each Pok\u00e9mon\n|rule|Item Clause: Limit 1 of each item\n|clearpoke\n|poke|p1|Dragonite, L50, F, shiny|\n|poke|p1|Aegislash, L50, M, shiny|\n|poke|p1|Meganium, L50, M|\n|poke|p1|Espathra, L50, F, shiny|\n|poke|p1|Weavile, L50, M|\n|poke|p1|Kleavor, L50, M|\n|poke|p2|Sneasler, L50, F|\n|poke|p2|Froslass, L50, F|\n|poke|p2|Sableye, L50, F|\n|poke|p2|Greninja, L50, F|\n|poke|p2|Basculegion, L50, M|\n|poke|p2|Garchomp, L50, F|\n|teampreview|3\n|inactive|Battle timer is ON: inactive players will automatically lose when time's up. (requested by Ripe Avacado)\n|\n|t:|1776803932\n|teamsize|p1|3\n|teamsize|p2|3\n|start\n|switch|p1a: Weavile|Weavile, L50, M|100/100\n|switch|p2a: Garchomp|Garchomp, L50, F|100/100\n|-ability|p1a: Weavile|Pressure\n|turn|1\n|inactive|Aledson has 30 seconds left.\n|\n|t:|1776803967\n|switch|p2a: Froslass|Froslass, L50, F|100/100\n|move|p1a: Weavile|Triple Axel|p2a: Froslass\n|-resisted|p2a: Froslass|1\n|-damage|p2a: Froslass|92/100\n|-resisted|p2a: Froslass|1\n|-damage|p2a: Froslass|75/100\n|-resisted|p2a: Froslass|1\n|-damage|p2a: Froslass|50/100\n|-hitcount|p2a: Froslass|3\n|\n|upkeep\n|turn|2\n|inactive|Aledson has 30 seconds left.\n|inactive|Aledson has 20 seconds left.\n|\n|t:|1776804005\n|detailschange|p2a: Froslass|Froslass-Mega, L50, F\n|-mega|p2a: Froslass|Froslass|Froslassite\n|-weather|Snowscape|[from] ability: Snow Warning|[of] p2a: Froslass\n|move|p1a: Weavile|Triple Axel|p2a: Froslass\n|-resisted|p2a: Froslass|1\n|-damage|p2a: Froslass|44/100\n|-resisted|p2a: Froslass|1\n|-damage|p2a: Froslass|32/100\n|-resisted|p2a: Froslass|1\n|-damage|p2a: Froslass|15/100\n|-hitcount|p2a: Froslass|3\n|move|p2a: Froslass|Aurora Veil|p2a: Froslass\n|-sidestart|p2: Aledson|move: Aurora Veil\n|\n|-weather|Snowscape|[upkeep]\n|upkeep\n|turn|3\n|\n|t:|1776804025\n|move|p1a: Weavile|Triple Axel|p2a: Froslass\n|-resisted|p2a: Froslass|1\n|-damage|p2a: Froslass|11/100\n|-resisted|p2a: Froslass|1\n|-damage|p2a: Froslass|6/100\n|-resisted|p2a: Froslass|1\n|-damage|p2a: Froslass|0 fnt\n|faint|p2a: Froslass\n|-hitcount|p2: Froslass|3\n|\n|-weather|Snowscape|[upkeep]\n|upkeep\n|\n|t:|1776804047\n|switch|p2a: Basculegion|Basculegion, L50, M|100/100\n|turn|4\n|\n|t:|1776804056\n|move|p1a: Weavile|Triple Axel|p2a: Basculegion\n|-resisted|p2a: Basculegion|1\n|-damage|p2a: Basculegion|97/100\n|-resisted|p2a: Basculegion|1\n|-damage|p2a: Basculegion|91/100\n|-resisted|p2a: Basculegion|1\n|-damage|p2a: Basculegion|81/100\n|-hitcount|p2a: Basculegion|3\n|move|p2a: Basculegion|Wave Crash|p1a: Weavile\n|-damage|p1a: Weavile|13/100\n|-damage|p2a: Basculegion|58/100|[from] Recoil\n|\n|-weather|Snowscape|[upkeep]\n|upkeep\n|turn|5\n|\n|t:|1776804076\n|move|p1a: Weavile|Triple Axel|p2a: Basculegion\n|-resisted|p2a: Basculegion|1\n|-damage|p2a: Basculegion|55/100\n|-hitcount|p2a: Basculegion|1\n|move|p2a: Basculegion|Wave Crash|p1a: Weavile\n|-damage|p1a: Weavile|0 fnt\n|faint|p1a: Weavile\n|-damage|p2a: Basculegion|51/100|[from] Recoil\n|\n|-weather|Snowscape|[upkeep]\n|upkeep\n|\n|t:|1776804083\n|switch|p1a: Espathra|Espathra, L50, F, shiny|100/100\n|turn|6\n|\n|t:|1776804096\n|switch|p2a: Garchomp|Garchomp, L50, F|100/100\n|move|p1a: Espathra|Protect||[still]\n|-fail|p1a: Espathra\n|\n|-weather|none\n|-sideend|p2: Aledson|move: Aurora Veil\n|-ability|p1a: Espathra|Speed Boost|boost\n|-boost|p1a: Espathra|spe|1\n|upkeep\n|turn|7\n|\n|t:|1776804113\n|move|p1a: Espathra|Lumina Crash|p2a: Garchomp\n|-damage|p2a: Garchomp|75/100\n|-unboost|p2a: Garchomp|spd|2\n|move|p2a: Garchomp|Dragon Tail|p1a: Espathra\n|-damage|p1a: Espathra|66/100\n|drag|p1a: Dragonite|Dragonite, L50, F, shiny|100/100\n|\n|upkeep\n|turn|8\n|\n|t:|1776804124\n|detailschange|p1a: Dragonite|Dragonite-Mega, L50, F, shiny\n|-mega|p1a: Dragonite|Dragonite|Dragoninite\n|move|p1a: Dragonite|Ice Beam|p2a: Garchomp\n|-supereffective|p2a: Garchomp|2\n|-damage|p2a: Garchomp|0 fnt\n|faint|p2a: Garchomp\n|\n|upkeep\n|\n|t:|1776804131\n|switch|p2a: Basculegion|Basculegion, L50, M|51/100\n|turn|9\n|\n|t:|1776804137\n|move|p2a: Basculegion|Last Respects|p1a: Dragonite\n|-damage|p1a: Dragonite|62/100\n|move|p1a: Dragonite|Thunderbolt|p2a: Basculegion\n|-supereffective|p2a: Basculegion|1\n|-damage|p2a: Basculegion|0 fnt\n|faint|p2a: Basculegion\n|\n|win|Ripe Avacado\n|raw|Ripe Avacado's rating: 1227 &rarr; <strong>1246</strong><br />(+19 for winning)\n|raw|Aledson's rating: 1141 &rarr; <strong>1122</strong><br />(-19 for losing)\n|l|\u2606Aledson\n|player|p2|\n|l|\u2606Ripe Avacado\n|player|p1|\n|j|\u2606Ripe Avacado\n|player|p1|Ripe Avacado|swimmerf|\n", "uploadtime": 1776804353, "views": 5, "formatid": "gen9championsbssregma", "rating": 1122, "private": 0, "password": null}