{"id": "gen9championsbssregma-2589654236", "format": "[Gen 9 Champions] BSS Reg M-A", "players": ["Fsief", "nskakpaaaja"], "log": "|j|\u2606Fsief\n|j|\u2606nskakpaaaja\n|t:|1776743473\n|gametype|singles\n|player|p1|Fsief|101|1398\n|player|p2|nskakpaaaja|guitarist|1371\n|gen|9\n|tier|[Gen 9 Champions] BSS Reg M-A\n|rated|\n|rule|Species Clause: Limit one of each Pok\u00e9mon\n|rule|Item Clause: Limit 1 of each item\n|clearpoke\n|poke|p1|Aggron, L50, M|\n|poke|p1|Sylveon, L50, F|\n|poke|p1|Manectric, L50, F|\n|poke|p1|Ceruledge, L50, F|\n|poke|p1|Gyarados, L50, M|\n|poke|p1|Hydreigon, L50, M|\n|poke|p2|Charizard, L50, M|\n|poke|p2|Meganium, L50, F|\n|poke|p2|Greninja, L50, F|\n|poke|p2|Garchomp, L50, M|\n|poke|p2|Mimikyu, L50, M|\n|poke|p2|Kingambit, L50, M|\n|teampreview|3\n|\n|t:|1776743538\n|teamsize|p1|3\n|teamsize|p2|3\n|start\n|switch|p1a: Aggron|Aggron, L50, M|100/100\n|switch|p2a: Greninja|Greninja, L50, F|100/100\n|turn|1\n|\n|t:|1776743553\n|switch|p1a: Gyarados|Gyarados, L50, M|100/100\n|-ability|p1a: Gyarados|Intimidate|boost\n|-unboost|p2a: Greninja|atk|1\n|move|p2a: Greninja|Taunt|p1a: Gyarados\n|-start|p1a: Gyarados|move: Taunt\n|\n|upkeep\n|turn|2\n|\n|t:|1776743561\n|move|p2a: Greninja|Dark Pulse|p1a: Gyarados\n|-damage|p1a: Gyarados|60/100\n|cant|p1a: Gyarados|flinch\n|\n|upkeep\n|turn|3\n|\n|t:|1776743567\n|move|p2a: Greninja|Dark Pulse|p1a: Gyarados\n|-damage|p1a: Gyarados|20/100\n|move|p1a: Gyarados|Power Whip|p2a: Greninja\n|-supereffective|p2a: Greninja|1\n|-enditem|p2a: Greninja|Focus Sash\n|-damage|p2a: Greninja|1/100\n|\n|-end|p1a: Gyarados|move: Taunt\n|upkeep\n|turn|4\n|j| p74\n|\n|t:|1776743580\n|move|p2a: Greninja|Surf|p1a: Gyarados\n|-resisted|p1a: Gyarados|1\n|-damage|p1a: Gyarados|0 fnt\n|faint|p1a: Gyarados\n|\n|upkeep\n|\n|t:|1776743583\n|switch|p1a: Ceruledge|Ceruledge, L50, F|100/100\n|turn|5\n|\n|t:|1776743589\n|move|p2a: Greninja|Water Shuriken|p1a: Ceruledge\n|-supereffective|p1a: Ceruledge|1\n|-damage|p1a: Ceruledge|75/100\n|-supereffective|p1a: Ceruledge|1\n|-damage|p1a: Ceruledge|50/100\n|-hitcount|p1a: Ceruledge|2\n|move|p1a: Ceruledge|Shadow Sneak|p2a: Greninja\n|-resisted|p2a: Greninja|1\n|-damage|p2a: Greninja|0 fnt\n|faint|p2a: Greninja\n|\n|upkeep\n|\n|t:|1776743598\n|switch|p2a: Mimikyu|Mimikyu, L50, M|100/100\n|turn|6\n|\n|t:|1776743604\n|move|p1a: Ceruledge|Shadow Sneak|p2a: Mimikyu\n|-activate|p2a: Mimikyu|ability: Disguise\n|-damage|p2a: Mimikyu|100/100\n|detailschange|p2a: Mimikyu|Mimikyu-Busted, L50, M\n|-damage|p2a: Mimikyu|88/100|[from] pokemon: Mimikyu-Busted\n|move|p2a: Mimikyu|Swords Dance|p2a: Mimikyu\n|-boost|p2a: Mimikyu|atk|2\n|\n|upkeep\n|turn|7\n|\n|t:|1776743613\n|move|p2a: Mimikyu|Shadow Sneak|p1a: Ceruledge\n|-supereffective|p1a: Ceruledge|1\n|-damage|p1a: Ceruledge|0 fnt\n|faint|p1a: Ceruledge\n|\n|upkeep\n|\n|t:|1776743615\n|switch|p1a: Aggron|Aggron, L50, M|100/100\n|turn|8\n|\n|t:|1776743621\n|move|p2a: Mimikyu|Drain Punch|p1a: Aggron\n|-supereffective|p1a: Aggron|2\n|-ability|p1a: Aggron|Sturdy\n|-damage|p1a: Aggron|1/100\n|-heal|p2a: Mimikyu|100/100|[from] drain|[of] p1a: Aggron\n|move|p1a: Aggron|Heavy Slam|p2a: Mimikyu\n|-supereffective|p2a: Mimikyu|1\n|-damage|p2a: Mimikyu|0 fnt\n|faint|p2a: Mimikyu\n|\n|upkeep\n|\n|t:|1776743632\n|switch|p2a: Charizard|Charizard, L50, M|100/100\n|turn|9\n|\n|t:|1776743636\n|move|p2a: Charizard|Flare Blitz|p1a: Aggron\n|-damage|p1a: Aggron|0 fnt\n|faint|p1a: Aggron\n|-damage|p2a: Charizard|99/100|[from] Recoil\n|\n|win|nskakpaaaja\n|raw|Fsief's rating: 1398 &rarr; <strong>1375</strong><br />(-23 for losing)\n|raw|nskakpaaaja's rating: 1351 &rarr; <strong>1374</strong><br />(+23 for winning)\n|l|\u2606Fsief\n|player|p1|\n|l|\u2606nskakpaaaja\n|player|p2|\n", "uploadtime": 1776743656, "views": 3, "formatid": "gen9championsbssregma", "rating": 1374, "private": 0, "password": null}