{"id": "gen9championsbssregma-2589807791", "format": "[Gen 9 Champions] BSS Reg M-A", "players": ["Gshs5", "stormtttt"], "log": "|j|\u2606Gshs5\n|j|\u2606stormtttt\n|t:|1776762250\n|gametype|singles\n|player|p1|Gshs5|102|1200\n|player|p2|stormtttt|nate|1174\n|gen|9\n|tier|[Gen 9 Champions] BSS Reg M-A\n|rated|\n|rule|Species Clause: Limit one of each Pok\u00e9mon\n|rule|Item Clause: Limit 1 of each item\n|clearpoke\n|poke|p1|Charizard, L50, M|\n|poke|p1|Primarina, L50, F|\n|poke|p1|Tyranitar, L50, M|\n|poke|p1|Scizor, L50, F|\n|poke|p1|Gliscor, L50, F|\n|poke|p1|Roserade, L50, M|\n|poke|p2|Garchomp, L50, M|\n|poke|p2|Lopunny, L50, F|\n|poke|p2|Primarina, L50, F|\n|poke|p2|Corviknight, L50, M|\n|poke|p2|Kingambit, L50, M|\n|poke|p2|Hydreigon, L50, M|\n|teampreview|3\n|\n|t:|1776762282\n|teamsize|p1|3\n|teamsize|p2|3\n|start\n|switch|p1a: Charizard|Charizard, L50, M|100/100\n|switch|p2a: Lopunny|Lopunny, L50, F|100/100\n|turn|1\n|\n|t:|1776762289\n|detailschange|p2a: Lopunny|Lopunny-Mega, L50, F\n|-mega|p2a: Lopunny|Lopunny|Lopunnite\n|move|p2a: Lopunny|Fake Out|p1a: Charizard\n|-damage|p1a: Charizard|75/100\n|cant|p1a: Charizard|flinch\n|\n|upkeep\n|turn|2\n|inactive|Battle timer is ON: inactive players will automatically lose when time's up. (requested by Gshs5)\n|\n|t:|1776762308\n|detailschange|p1a: Charizard|Charizard-Mega-X, L50, M\n|-mega|p1a: Charizard|Charizard|Charizardite X\n|move|p2a: Lopunny|U-turn|p1a: Charizard\n|-resisted|p1a: Charizard|1\n|-crit|p1a: Charizard\n|-damage|p1a: Charizard|57/100\n|\n|t:|1776762320\n|switch|p2a: Garchomp|Garchomp, L50, M|100/100|[from] U-turn\n|move|p1a: Charizard|Will-O-Wisp|p2a: Garchomp\n|-status|p2a: Garchomp|brn\n|\n|-damage|p2a: Garchomp|95/100 brn|[from] brn\n|upkeep\n|turn|3\n|\n|t:|1776762340\n|move|p2a: Garchomp|Earthquake|p1a: Charizard\n|-supereffective|p1a: Charizard|1\n|-damage|p1a: Charizard|6/100\n|move|p1a: Charizard|Roost|p1a: Charizard\n|-heal|p1a: Charizard|56/100\n|-singleturn|p1a: Charizard|move: Roost\n|\n|-damage|p2a: Garchomp|89/100 brn|[from] brn\n|upkeep\n|turn|4\n|\n|t:|1776762352\n|switch|p1a: Primarina|Primarina, L50, F|100/100\n|move|p2a: Garchomp|Earthquake|p1a: Primarina\n|-damage|p1a: Primarina|67/100\n|\n|-heal|p1a: Primarina|73/100|[from] item: Leftovers\n|-damage|p2a: Garchomp|83/100 brn|[from] brn\n|upkeep\n|turn|5\n|\n|t:|1776762361\n|switch|p2a: Corviknight|Corviknight, L50, M|100/100\n|move|p1a: Primarina|Calm Mind|p1a: Primarina\n|-boost|p1a: Primarina|spa|1\n|-boost|p1a: Primarina|spd|1\n|\n|-heal|p1a: Primarina|79/100|[from] item: Leftovers\n|upkeep\n|turn|6\n|\n|t:|1776762375\n|move|p1a: Primarina|Calm Mind|p1a: Primarina\n|-boost|p1a: Primarina|spa|1\n|-boost|p1a: Primarina|spd|1\n|move|p2a: Corviknight|Taunt|p1a: Primarina\n|-start|p1a: Primarina|move: Taunt\n|\n|-heal|p1a: Primarina|85/100|[from] item: Leftovers\n|upkeep\n|turn|7\n|\n|t:|1776762383\n|move|p1a: Primarina|Sparkling Aria|p2a: Corviknight\n|-damage|p2a: Corviknight|45/100\n|move|p2a: Corviknight|Brave Bird|p1a: Primarina\n|-damage|p1a: Primarina|38/100\n|-damage|p2a: Corviknight|31/100|[from] Recoil\n|\n|-heal|p1a: Primarina|44/100|[from] item: Leftovers\n|-heal|p2a: Corviknight|37/100|[from] item: Leftovers\n|upkeep\n|turn|8\n|\n|t:|1776762395\n|switch|p2a: Garchomp|Garchomp, L50, M|83/100 brn\n|move|p1a: Primarina|Sparkling Aria|p2a: Garchomp\n|-damage|p2a: Garchomp|0 fnt\n|faint|p2a: Garchomp\n|\n|-heal|p1a: Primarina|50/100|[from] item: Leftovers\n|upkeep\n|\n|t:|1776762404\n|switch|p2a: Lopunny|Lopunny-Mega, L50, F|100/100\n|turn|9\n|\n|t:|1776762407\n|move|p2a: Lopunny|Fake Out|p1a: Primarina\n|-damage|p1a: Primarina|22/100\n|cant|p1a: Primarina|flinch\n|\n|-heal|p1a: Primarina|28/100|[from] item: Leftovers\n|-end|p1a: Primarina|move: Taunt\n|upkeep\n|turn|10\n|\n|t:|1776762415\n|move|p2a: Lopunny|Close Combat|p1a: Primarina\n|-resisted|p1a: Primarina|1\n|-damage|p1a: Primarina|0 fnt\n|-unboost|p2a: Lopunny|def|1\n|-unboost|p2a: Lopunny|spd|1\n|faint|p1a: Primarina\n|\n|upkeep\n|\n|t:|1776762423\n|switch|p1a: Charizard|Charizard-Mega-X, L50, M|56/100\n|turn|11\n|\n|t:|1776762429\n|move|p2a: Lopunny|Close Combat|p1a: Charizard\n|-damage|p1a: Charizard|3/100\n|-unboost|p2a: Lopunny|def|1\n|-unboost|p2a: Lopunny|spd|1\n|move|p1a: Charizard|Will-O-Wisp|p2a: Lopunny\n|-status|p2a: Lopunny|brn\n|\n|-damage|p2a: Lopunny|95/100 brn|[from] brn\n|upkeep\n|turn|12\n|\n|t:|1776762439\n|switch|p1a: Gliscor|Gliscor, L50, F|100/100\n|move|p2a: Lopunny|U-turn|p1a: Gliscor\n|-resisted|p1a: Gliscor|1\n|-damage|p1a: Gliscor|95/100\n|\n|t:|1776762444\n|switch|p2a: Corviknight|Corviknight, L50, M|37/100|[from] U-turn\n|\n|-heal|p2a: Corviknight|42/100|[from] item: Leftovers\n|upkeep\n|turn|13\n|\n|t:|1776762450\n|move|p1a: Gliscor|U-turn|p2a: Corviknight\n|-resisted|p2a: Corviknight|2\n|-damage|p2a: Corviknight|39/100\n|\n|t:|1776762452\n|switch|p1a: Charizard|Charizard-Mega-X, L50, M|3/100|[from] U-turn\n|move|p2a: Corviknight|Roost|p2a: Corviknight\n|-heal|p2a: Corviknight|89/100\n|-singleturn|p2a: Corviknight|move: Roost\n|\n|-heal|p2a: Corviknight|95/100|[from] item: Leftovers\n|upkeep\n|turn|14\n|\n|t:|1776762464\n|move|p1a: Charizard|Roost|p1a: Charizard\n|-heal|p1a: Charizard|53/100\n|-singleturn|p1a: Charizard|move: Roost\n|move|p2a: Corviknight|Iron Head|p1a: Charizard\n|-resisted|p1a: Charizard|1\n|-crit|p1a: Charizard\n|-damage|p1a: Charizard|37/100\n|\n|-heal|p2a: Corviknight|100/100|[from] item: Leftovers\n|upkeep\n|turn|15\n|\n|t:|1776762474\n|move|p1a: Charizard|Roost|p1a: Charizard\n|-heal|p1a: Charizard|87/100\n|-singleturn|p1a: Charizard|move: Roost\n|move|p2a: Corviknight|Taunt|p1a: Charizard\n|-start|p1a: Charizard|move: Taunt\n|\n|upkeep\n|turn|16\n|\n|t:|1776762484\n|move|p1a: Charizard|Flare Blitz|p2a: Corviknight\n|-supereffective|p2a: Corviknight|1\n|-damage|p2a: Corviknight|0 fnt\n|faint|p2a: Corviknight\n|-damage|p1a: Charizard|50/100|[from] Recoil\n|\n|upkeep\n|\n|t:|1776762490\n|switch|p2a: Lopunny|Lopunny-Mega, L50, F|95/100 brn\n|turn|17\n|\n|t:|1776762494\n|move|p2a: Lopunny|Fake Out|p1a: Charizard\n|-damage|p1a: Charizard|40/100\n|cant|p1a: Charizard|flinch\n|\n|-damage|p2a: Lopunny|89/100 brn|[from] brn\n|upkeep\n|turn|18\n|\n|t:|1776762500\n|move|p2a: Lopunny|Close Combat|p1a: Charizard\n|-damage|p1a: Charizard|12/100\n|-unboost|p2a: Lopunny|def|1\n|-unboost|p2a: Lopunny|spd|1\n|move|p1a: Charizard|Flare Blitz|p2a: Lopunny\n|-damage|p2a: Lopunny|0 fnt\n|faint|p2a: Lopunny\n|-damage|p1a: Charizard|0 fnt|[from] Recoil\n|faint|p1a: Charizard\n|\n|win|Gshs5\n|raw|Gshs5's rating: 1200 &rarr; <strong>1223</strong><br />(+23 for winning)\n|raw|stormtttt's rating: 1174 &rarr; <strong>1151</strong><br />(-23 for losing)\n", "uploadtime": 1776762502, "views": 1, "formatid": "gen9championsbssregma", "rating": 1151, "private": 0, "password": null}