{"id": "gen9championsbssregma-2590715210", "format": "[Gen 9 Champions] BSS Reg M-A", "players": ["anchiceratops", "sion0911"], "log": "|j|\u2606anchiceratops\n|j|\u2606sion0911\n|t:|1776838395\n|gametype|singles\n|player|p1|anchiceratops|linebacker|1088\n|player|p2|sion0911|red|1152\n|gen|9\n|tier|[Gen 9 Champions] BSS Reg M-A\n|rated|\n|rule|Species Clause: Limit one of each Pok\u00e9mon\n|rule|Item Clause: Limit 1 of each item\n|clearpoke\n|poke|p1|Aegislash, L50, F|\n|poke|p1|Krookodile, L50, M|\n|poke|p1|Feraligatr, L50, F|\n|poke|p1|Garchomp, L50, F|\n|poke|p1|Volcarona, L50, F|\n|poke|p1|Heliolisk, L50, F|\n|poke|p2|Mudsdale, L50, F|\n|poke|p2|Tyrantrum, L50, M, shiny|\n|poke|p2|Armarouge, L50, M|\n|poke|p2|Meganium, L50, F|\n|poke|p2|Skarmory, L50, M|\n|poke|p2|Zoroark-Hisui, L50, F|\n|teampreview|3\n|inactive|Battle timer is ON: inactive players will automatically lose when time's up. (requested by sion0911)\n|\n|t:|1776838407\n|teamsize|p1|3\n|teamsize|p2|3\n|start\n|switch|p1a: Feraligatr|Feraligatr, L50, F|100/100\n|switch|p2a: \ub300\ud3ec\uc0ac\uc218|Armarouge, L50, M|100/100\n|turn|1\n|\n|t:|1776838412\n|detailschange|p1a: Feraligatr|Feraligatr-Mega, L50, F\n|-mega|p1a: Feraligatr|Feraligatr|Feraligite\n|move|p1a: Feraligatr|Liquidation|p2a: \ub300\ud3ec\uc0ac\uc218\n|-supereffective|p2a: \ub300\ud3ec\uc0ac\uc218|1\n|-enditem|p2a: \ub300\ud3ec\uc0ac\uc218|Focus Sash\n|-damage|p2a: \ub300\ud3ec\uc0ac\uc218|1/100\n|-ability|p2a: \ub300\ud3ec\uc0ac\uc218|Weak Armor|boost\n|-unboost|p2a: \ub300\ud3ec\uc0ac\uc218|def|1\n|-boost|p2a: \ub300\ud3ec\uc0ac\uc218|spe|2\n|move|p2a: \ub300\ud3ec\uc0ac\uc218|Energy Ball|p1a: Feraligatr\n|-damage|p1a: Feraligatr|58/100\n|\n|upkeep\n|turn|2\n|\n|t:|1776838419\n|move|p2a: \ub300\ud3ec\uc0ac\uc218|Destiny Bond|p2a: \ub300\ud3ec\uc0ac\uc218\n|-singlemove|p2a: \ub300\ud3ec\uc0ac\uc218|Destiny Bond\n|move|p1a: Feraligatr|Dragon Dance|p1a: Feraligatr\n|-boost|p1a: Feraligatr|atk|1\n|-boost|p1a: Feraligatr|spe|1\n|\n|upkeep\n|turn|3\n|\n|t:|1776838424\n|move|p2a: \ub300\ud3ec\uc0ac\uc218|Psyshock|p1a: Feraligatr\n|-damage|p1a: Feraligatr|14/100\n|move|p1a: Feraligatr|Dragon Dance|p1a: Feraligatr\n|-boost|p1a: Feraligatr|atk|1\n|-boost|p1a: Feraligatr|spe|1\n|\n|upkeep\n|turn|4\n|\n|t:|1776838429\n|move|p1a: Feraligatr|Liquidation|p2a: \ub300\ud3ec\uc0ac\uc218\n|-supereffective|p2a: \ub300\ud3ec\uc0ac\uc218|1\n|-damage|p2a: \ub300\ud3ec\uc0ac\uc218|0 fnt\n|faint|p2a: \ub300\ud3ec\uc0ac\uc218\n|\n|upkeep\n|\n|t:|1776838436\n|switch|p2a: \uc0b0\ubd09\uc7a5|Skarmory, L50, M|100/100\n|turn|5\n|\n|t:|1776838439\n|move|p1a: Feraligatr|Liquidation|p2a: \uc0b0\ubd09\uc7a5\n|-damage|p2a: \uc0b0\ubd09\uc7a5|0 fnt\n|replace|p2a: \uad6c\ubbf8\ud638|Zoroark-Hisui, L50, F\n|-end|p2a: \uad6c\ubbf8\ud638|Illusion\n|faint|p2a: \uad6c\ubbf8\ud638\n|\n|upkeep\n|\n|t:|1776838441\n|switch|p2a: \uc0b0\ubd09\uc7a5|Skarmory, L50, M|100/100\n|turn|6\n|\n|t:|1776838447\n|move|p1a: Feraligatr|Liquidation|p2a: \uc0b0\ubd09\uc7a5\n|-damage|p2a: \uc0b0\ubd09\uc7a5|0 fnt\n|faint|p2a: \uc0b0\ubd09\uc7a5\n|\n|win|anchiceratops\n|raw|anchiceratops's rating: 1088 &rarr; <strong>1120</strong><br />(+32 for winning)\n|raw|sion0911's rating: 1152 &rarr; <strong>1122</strong><br />(-30 for losing)\n|l|\u2606sion0911\n|player|p2|\n", "uploadtime": 1776838458, "views": 12, "formatid": "gen9championsbssregma", "rating": 1120, "private": 0, "password": null}