{"id": "gen9championsbssregma-2589645945", "format": "[Gen 9 Champions] BSS Reg M-A", "players": ["kyopoke_4ne", "kalzero_0928"], "log": "|j|\u2606kyopoke_4ne\n|j|\u2606kalzero_0928\n|t:|1776742577\n|gametype|singles\n|player|p1|kyopoke_4ne|169|1383\n|player|p2|kalzero_0928|2|1358\n|gen|9\n|tier|[Gen 9 Champions] BSS Reg M-A\n|rated|\n|rule|Species Clause: Limit one of each Pok\u00e9mon\n|rule|Item Clause: Limit 1 of each item\n|clearpoke\n|poke|p1|Hippowdon, L50, F|\n|poke|p1|Charizard, L50, F|\n|poke|p1|Archaludon, L50, M|\n|poke|p1|Garchomp, L50, M|\n|poke|p1|Primarina, L50, M|\n|poke|p1|Kangaskhan, L50, F|\n|poke|p2|Gengar, L50, F|\n|poke|p2|Primarina, L50, M|\n|poke|p2|Garchomp, L50, F|\n|poke|p2|Toxapex, L50, F|\n|poke|p2|Corviknight, L50, M|\n|poke|p2|Scovillain, L50, F|\n|teampreview|3\n|j| p74\n|\n|t:|1776742607\n|teamsize|p1|3\n|teamsize|p2|3\n|start\n|switch|p1a: Kangaskhan|Kangaskhan, L50, F|100/100\n|switch|p2a: Gengar|Gengar, L50, F|100/100\n|turn|1\n|\n|t:|1776742615\n|detailschange|p2a: Gengar|Gengar-Mega, L50, F\n|-mega|p2a: Gengar|Gengar|Gengarite\n|detailschange|p1a: Kangaskhan|Kangaskhan-Mega, L50, F\n|-mega|p1a: Kangaskhan|Kangaskhan|Kangaskhanite\n|move|p2a: Gengar|Hypnosis|p1a: Kangaskhan\n|-status|p1a: Kangaskhan|slp|[from] move: Hypnosis\n|cant|p1a: Kangaskhan|slp\n|\n|upkeep\n|turn|2\n|\n|t:|1776742625\n|move|p2a: Gengar|Focus Blast|p1a: Kangaskhan\n|-supereffective|p1a: Kangaskhan|1\n|-damage|p1a: Kangaskhan|13/100 slp\n|cant|p1a: Kangaskhan|slp\n|\n|upkeep\n|turn|3\n|\n|t:|1776742632\n|move|p2a: Gengar|Sludge Bomb|p1a: Kangaskhan\n|-damage|p1a: Kangaskhan|0 fnt\n|faint|p1a: Kangaskhan\n|\n|upkeep\n|\n|t:|1776742639\n|switch|p1a: Garchomp|Garchomp, L50, M|100/100\n|turn|4\n|\n|t:|1776742644\n|move|p1a: Garchomp|Earthquake|p2a: Gengar\n|-supereffective|p2a: Gengar|1\n|-damage|p2a: Gengar|0 fnt\n|faint|p2a: Gengar\n|\n|upkeep\n|\n|t:|1776742645\n|switch|p2a: Primarina|Primarina, L50, M|100/100\n|turn|5\n|\n|t:|1776742652\n|move|p1a: Garchomp|Earthquake|p2a: Primarina\n|-damage|p2a: Primarina|21/100\n|move|p2a: Primarina|Moonblast|p1a: Garchomp\n|-supereffective|p1a: Garchomp|1\n|-damage|p1a: Garchomp|0 fnt\n|faint|p1a: Garchomp\n|\n|upkeep\n|\n|t:|1776742660\n|switch|p1a: Archaludon|Archaludon, L50, M|100/100\n|turn|6\n|\n|t:|1776742666\n|move|p1a: Archaludon|Flash Cannon|p2a: Primarina\n|-damage|p2a: Primarina|0 fnt\n|faint|p2a: Primarina\n|\n|upkeep\n|\n|t:|1776742668\n|switch|p2a: Garchomp|Garchomp, L50, F|100/100\n|turn|7\n|\n|t:|1776742679\n|move|p2a: Garchomp|Earthquake|p1a: Archaludon\n|-supereffective|p1a: Archaludon|1\n|-damage|p1a: Archaludon|16/100\n|-ability|p1a: Archaludon|Stamina|boost\n|-boost|p1a: Archaludon|def|1\n|move|p1a: Archaludon|Draco Meteor|p2a: Garchomp|[miss]\n|-miss|p1a: Archaludon|p2a: Garchomp\n|\n|-heal|p1a: Archaludon|22/100|[from] item: Leftovers\n|upkeep\n|turn|8\n|-message|kyopoke_4ne forfeited.\n|\n|win|kalzero_0928\n|raw|kyopoke_4ne's rating: 1383 &rarr; <strong>1362</strong><br />(-21 for losing)\n|raw|kalzero_0928's rating: 1358 &rarr; <strong>1379</strong><br />(+21 for winning)\n|l|\u2606kyopoke_4ne\n|player|p1|\n|l|\u2606kalzero_0928\n|player|p2|\n", "uploadtime": 1776742884, "views": 0, "formatid": "gen9championsbssregma", "rating": 1362, "private": 0, "password": null}