{"id": "gen9championsbssregma-2592814516", "format": "[Gen 9 Champions] BSS Reg M-A", "players": ["meraton", "forker1112"], "log": "|j|\u2606meraton\n|j|\u2606forker1112\n|t:|1777032031\n|gametype|singles\n|player|p1|meraton|101|1319\n|player|p2|forker1112|acetrainerf-gen4dp|1255\n|gen|9\n|tier|[Gen 9 Champions] BSS Reg M-A\n|rated|\n|rule|Species Clause: Limit one of each Pok\u00e9mon\n|rule|Item Clause: Limit 1 of each item\n|clearpoke\n|poke|p1|Lopunny, L50, F|\n|poke|p1|Floette-Eternal, L50, F|\n|poke|p1|Polteageist-Antique, L50|\n|poke|p1|Corviknight, L50, M|\n|poke|p1|Ninetales-Alola, L50, M|\n|poke|p1|Basculegion, L50, M|\n|poke|p2|Victreebel, L50, M|\n|poke|p2|Garchomp, L50, F|\n|poke|p2|Samurott-Hisui, L50, F|\n|poke|p2|Floette-Eternal, L50, F|\n|poke|p2|Empoleon, L50, F|\n|poke|p2|Volcarona, L50, F|\n|teampreview|3\n|\n|t:|1777032051\n|teamsize|p1|3\n|teamsize|p2|3\n|start\n|switch|p1a: Lopunny|Lopunny, L50, F|100/100\n|switch|p2a: Samurott|Samurott-Hisui, L50, F|100/100\n|turn|1\n|\n|t:|1777032060\n|move|p2a: Samurott|Flip Turn|p1a: Lopunny\n|-damage|p1a: Lopunny|67/100\n|\n|t:|1777032065\n|switch|p2a: Volcarona|Volcarona, L50, F|100/100|[from] Flip Turn\n|move|p1a: Lopunny|Cosmic Power|p1a: Lopunny\n|-boost|p1a: Lopunny|def|1\n|-boost|p1a: Lopunny|spd|1\n|\n|upkeep\n|turn|2\n|\n|t:|1777032075\n|move|p1a: Lopunny|Cosmic Power|p1a: Lopunny\n|-boost|p1a: Lopunny|def|1\n|-boost|p1a: Lopunny|spd|1\n|move|p2a: Volcarona|Quiver Dance|p2a: Volcarona\n|-boost|p2a: Volcarona|spa|1\n|-boost|p2a: Volcarona|spd|1\n|-boost|p2a: Volcarona|spe|1\n|\n|upkeep\n|turn|3\n|\n|t:|1777032087\n|move|p2a: Volcarona|Quiver Dance|p2a: Volcarona\n|-boost|p2a: Volcarona|spa|1\n|-boost|p2a: Volcarona|spd|1\n|-boost|p2a: Volcarona|spe|1\n|move|p1a: Lopunny|Baton Pass|p1a: Lopunny\n|\n|t:|1777032104\n|switch|p1a: Polteageist|Polteageist-Antique, L50|100/100|[from] Baton Pass\n|\n|upkeep\n|turn|4\n|\n|t:|1777032110\n|move|p2a: Volcarona|Fiery Dance|p1a: Polteageist\n|-damage|p1a: Polteageist|57/100\n|-boost|p2a: Volcarona|spa|1\n|-start|p2a: Volcarona|Disable|Fiery Dance|[from] ability: Cursed Body|[of] p1a: Polteageist\n|move|p1a: Polteageist|Shell Smash|p1a: Polteageist\n|-unboost|p1a: Polteageist|def|1\n|-unboost|p1a: Polteageist|spd|1\n|-boost|p1a: Polteageist|atk|2\n|-boost|p1a: Polteageist|spa|2\n|-boost|p1a: Polteageist|spe|2\n|\n|upkeep\n|turn|5\n|\n|t:|1777032121\n|move|p2a: Volcarona|Giga Drain|p1a: Polteageist\n|-damage|p1a: Polteageist|10/100\n|move|p1a: Polteageist|Baton Pass|p1a: Polteageist\n|\n|t:|1777032125\n|switch|p1a: Floette|Floette-Eternal, L50, F|100/100|[from] Baton Pass\n|\n|upkeep\n|turn|6\n|\n|t:|1777032131\n|detailschange|p1a: Floette|Floette-Mega, L50, F\n|-mega|p1a: Floette|Floette|Floettite\n|-ability|p1a: Floette|Fairy Aura\n|move|p1a: Floette|Calm Mind|p1a: Floette\n|-boost|p1a: Floette|spa|1\n|-boost|p1a: Floette|spd|1\n|move|p2a: Volcarona|Giga Drain|p1a: Floette\n|-damage|p1a: Floette|73/100\n|\n|upkeep\n|turn|7\n|\n|t:|1777032140\n|move|p1a: Floette|Calm Mind|p1a: Floette\n|-boost|p1a: Floette|spa|1\n|-boost|p1a: Floette|spd|1\n|move|p2a: Volcarona|Psychic|p1a: Floette\n|-damage|p1a: Floette|48/100\n|\n|-end|p2a: Volcarona|Disable\n|upkeep\n|turn|8\n|\n|t:|1777032152\n|move|p1a: Floette|Draining Kiss|p2a: Volcarona\n|-resisted|p2a: Volcarona|1\n|-damage|p2a: Volcarona|71/100\n|-heal|p1a: Floette|72/100|[from] drain|[of] p2a: Volcarona\n|-status|p1a: Floette|brn|[from] ability: Flame Body|[of] p2a: Volcarona\n|move|p2a: Volcarona|Fiery Dance|p1a: Floette\n|-damage|p1a: Floette|41/100 brn\n|\n|-damage|p1a: Floette|35/100 brn|[from] brn\n|upkeep\n|turn|9\n|\n|t:|1777032163\n|move|p1a: Floette|Synthesis|p1a: Floette\n|-heal|p1a: Floette|85/100 brn\n|move|p2a: Volcarona|Fiery Dance|p1a: Floette\n|-damage|p1a: Floette|52/100 brn\n|\n|-damage|p1a: Floette|46/100 brn|[from] brn\n|upkeep\n|turn|10\n|\n|t:|1777032172\n|move|p1a: Floette|Calm Mind|p1a: Floette\n|-boost|p1a: Floette|spa|1\n|-boost|p1a: Floette|spd|1\n|move|p2a: Volcarona|Fiery Dance|p1a: Floette\n|-damage|p1a: Floette|16/100 brn\n|\n|-damage|p1a: Floette|10/100 brn|[from] brn\n|upkeep\n|turn|11\n|\n|t:|1777032181\n|move|p1a: Floette|Synthesis|p1a: Floette\n|-heal|p1a: Floette|60/100 brn\n|move|p2a: Volcarona|Quiver Dance|p2a: Volcarona\n|-boost|p2a: Volcarona|spa|1\n|-boost|p2a: Volcarona|spd|1\n|-boost|p2a: Volcarona|spe|1\n|\n|-damage|p1a: Floette|54/100 brn|[from] brn\n|upkeep\n|turn|12\n|\n|t:|1777032189\n|move|p2a: Volcarona|Fiery Dance|p1a: Floette\n|-damage|p1a: Floette|22/100 brn\n|move|p1a: Floette|Draining Kiss|p2a: Volcarona\n|-resisted|p2a: Volcarona|1\n|-damage|p2a: Volcarona|44/100\n|-heal|p1a: Floette|43/100 brn|[from] drain|[of] p2a: Volcarona\n|-enditem|p2a: Volcarona|Sitrus Berry|[eat]\n|-heal|p2a: Volcarona|69/100|[from] item: Sitrus Berry\n|\n|-damage|p1a: Floette|37/100 brn|[from] brn\n|upkeep\n|turn|13\n|\n|t:|1777032202\n|move|p2a: Volcarona|Fiery Dance|p1a: Floette\n|-damage|p1a: Floette|4/100 brn\n|-boost|p2a: Volcarona|spa|1\n|move|p1a: Floette|Synthesis|p1a: Floette\n|-heal|p1a: Floette|54/100 brn\n|\n|-damage|p1a: Floette|47/100 brn|[from] brn\n|upkeep\n|turn|14\n|\n|t:|1777032211\n|move|p2a: Volcarona|Fiery Dance|p1a: Floette\n|-damage|p1a: Floette|10/100 brn\n|-boost|p2a: Volcarona|spa|1\n|move|p1a: Floette|Moonblast|p2a: Volcarona\n|-resisted|p2a: Volcarona|1\n|-damage|p2a: Volcarona|15/100\n|\n|-damage|p1a: Floette|4/100 brn|[from] brn\n|upkeep\n|turn|15\n|-message|meraton forfeited.\n|\n|win|forker1112\n|raw|meraton's rating: 1319 &rarr; <strong>1295</strong><br />(-24 for losing)\n|raw|forker1112's rating: 1255 &rarr; <strong>1285</strong><br />(+30 for winning)\n|l|\u2606meraton\n|player|p1|\n", "uploadtime": 1777032227, "views": 7, "formatid": "gen9championsbssregma", "rating": 1285, "private": 0, "password": null}