{"id": "gen9championsbssregma-2591940666", "format": "[Gen 9 Champions] BSS Reg M-A", "players": ["Keyan_Sans", "Acrodude"], "log": "|j|\u2606Keyan_Sans\n|j|\u2606Acrodude\n|t:|1776952759\n|gametype|singles\n|player|p1|Keyan_Sans|hugh|1288\n|player|p2|Acrodude|1|1328\n|gen|9\n|tier|[Gen 9 Champions] BSS Reg M-A\n|rated|\n|rule|Species Clause: Limit one of each Pok\u00e9mon\n|rule|Item Clause: Limit 1 of each item\n|clearpoke\n|poke|p1|Blastoise, L50, F|\n|poke|p1|Ninetales-Alola, L50, F|\n|poke|p1|Garchomp, L50, M|\n|poke|p1|Volcarona, L50, M|\n|poke|p1|Sneasler, L50, M|\n|poke|p1|Scizor, L50, M|\n|poke|p2|Ditto, L50|\n|poke|p2|Kangaskhan, L50, F|\n|poke|p2|Talonflame, L50, F|\n|poke|p2|Floette-Eternal, L50, F|\n|poke|p2|Garchomp, L50, F|\n|poke|p2|Skarmory, L50, M|\n|teampreview|3\n|inactive|Battle timer is ON: inactive players will automatically lose when time's up. (requested by Keyan_Sans)\n|inactive|Keyan_Sans has 60 seconds left.\n|\n|t:|1776952813\n|teamsize|p1|3\n|teamsize|p2|3\n|start\n|switch|p1a: Blastoise|Blastoise, L50, F|100/100\n|switch|p2a: Skarmory|Skarmory, L50, M|100/100\n|turn|1\n|\n|t:|1776952819\n|detailschange|p1a: Blastoise|Blastoise-Mega, L50, F\n|-mega|p1a: Blastoise|Blastoise|Blastoisinite\n|move|p1a: Blastoise|Water Pulse|p2a: Skarmory\n|-damage|p2a: Skarmory|37/100\n|-enditem|p2a: Skarmory|Sitrus Berry|[eat]\n|-heal|p2a: Skarmory|62/100|[from] item: Sitrus Berry\n|move|p2a: Skarmory|Stealth Rock|p1a: Blastoise\n|-sidestart|p1: Keyan_Sans|move: Stealth Rock\n|\n|upkeep\n|turn|2\n|\n|t:|1776952827\n|move|p1a: Blastoise|Water Pulse|p2a: Skarmory\n|-damage|p2a: Skarmory|0 fnt\n|faint|p2a: Skarmory\n|\n|upkeep\n|\n|t:|1776952837\n|switch|p2a: Kangaskhan|Kangaskhan, L50, F|100/100\n|turn|3\n|\n|t:|1776952846\n|switch|p1a: Volcarona|Volcarona, L50, M|100/100\n|-damage|p1a: Volcarona|50/100|[from] Stealth Rock\n|-enditem|p1a: Volcarona|Sitrus Berry|[eat]\n|-heal|p1a: Volcarona|75/100|[from] item: Sitrus Berry\n|detailschange|p2a: Kangaskhan|Kangaskhan-Mega, L50, F\n|-mega|p2a: Kangaskhan|Kangaskhan|Kangaskhanite\n|move|p2a: Kangaskhan|Fake Out|p1a: Volcarona\n|-damage|p1a: Volcarona|45/100\n|-status|p2a: Kangaskhan|brn|[from] ability: Flame Body|[of] p1a: Volcarona\n|-damage|p1a: Volcarona|42/100\n|-hitcount|p1a: Volcarona|2\n|\n|-damage|p2a: Kangaskhan|94/100 brn|[from] brn\n|upkeep\n|turn|4\n|\n|t:|1776952859\n|move|p1a: Volcarona|Flamethrower|p2a: Kangaskhan\n|-damage|p2a: Kangaskhan|53/100 brn\n|move|p2a: Kangaskhan|Double-Edge|p1a: Volcarona\n|-damage|p1a: Volcarona|0 fnt\n|faint|p1a: Volcarona\n|-hitcount|p1: Volcarona|1\n|-damage|p2a: Kangaskhan|41/100 brn|[from] Recoil\n|\n|-damage|p2a: Kangaskhan|34/100 brn|[from] brn\n|upkeep\n|\n|t:|1776952864\n|switch|p1a: Scizor|Scizor, L50, M|100/100\n|-damage|p1a: Scizor|88/100|[from] Stealth Rock\n|turn|5\n|\n|t:|1776952867\n|move|p2a: Kangaskhan|Drain Punch|p1a: Scizor\n|-damage|p1a: Scizor|69/100\n|-heal|p2a: Kangaskhan|41/100 brn|[from] drain|[of] p1a: Scizor\n|-damage|p1a: Scizor|66/100\n|-heal|p2a: Kangaskhan|42/100 brn|[from] drain|[of] p1a: Scizor\n|-hitcount|p1a: Scizor|2\n|move|p1a: Scizor|Close Combat|p2a: Kangaskhan\n|-supereffective|p2a: Kangaskhan|1\n|-damage|p2a: Kangaskhan|0 fnt\n|-unboost|p1a: Scizor|def|1\n|-unboost|p1a: Scizor|spd|1\n|faint|p2a: Kangaskhan\n|\n|upkeep\n|\n|t:|1776952875\n|switch|p2a: Ditto|Ditto, L50|100/100\n|-transform|p2a: Ditto|p1a: Scizor|[from] ability: Imposter\n|turn|6\n|\n|t:|1776952889\n|move|p2a: Ditto|Knock Off|p1a: Scizor\n|-damage|p1a: Scizor|0 fnt\n|-enditem|p1a: Scizor|Metal Coat|[from] move: Knock Off|[of] p2a: Ditto\n|faint|p1a: Scizor\n|\n|upkeep\n|\n|t:|1776952892\n|switch|p1a: Blastoise|Blastoise-Mega, L50, F|100/100\n|-damage|p1a: Blastoise|88/100|[from] Stealth Rock\n|turn|7\n|\n|t:|1776952897\n|move|p2a: Ditto|Knock Off|p1a: Blastoise\n|-damage|p1a: Blastoise|62/100\n|move|p1a: Blastoise|Shell Smash|p1a: Blastoise\n|-unboost|p1a: Blastoise|def|1\n|-unboost|p1a: Blastoise|spd|1\n|-boost|p1a: Blastoise|atk|2\n|-boost|p1a: Blastoise|spa|2\n|-boost|p1a: Blastoise|spe|2\n|\n|upkeep\n|turn|8\n|c|\u2606Keyan_Sans|Gg\n|-message|Acrodude forfeited.\n|\n|win|Keyan_Sans\n|raw|Keyan_Sans's rating: 1288 &rarr; <strong>1316</strong><br />(+28 for winning)\n|raw|Acrodude's rating: 1328 &rarr; <strong>1306</strong><br />(-22 for losing)\n|l|\u2606Acrodude\n|player|p2|\n", "uploadtime": 1776952909, "views": 12, "formatid": "gen9championsbssregma", "rating": 1306, "private": 0, "password": null}