{"id": "gen9championsbssregma-2593482678", "format": "[Gen 9 Champions] BSS Reg M-A", "players": ["gkswldn", "PlatinumPassport"], "log": "|j|\u2606gkswldn\n|j|\u2606PlatinumPassport\n|t:|1777087250\n|gametype|singles\n|player|p1|gkswldn|1|1394\n|player|p2|PlatinumPassport|265|1468\n|gen|9\n|tier|[Gen 9 Champions] BSS Reg M-A\n|rated|\n|rule|Species Clause: Limit one of each Pok\u00e9mon\n|rule|Item Clause: Limit 1 of each item\n|clearpoke\n|poke|p1|Hippowdon, L50, M|\n|poke|p1|Lucario, L50, F|\n|poke|p1|Charizard, L50, F|\n|poke|p1|Rotom-Wash, L50|\n|poke|p1|Serperior, L50, F|\n|poke|p1|Mimikyu, L50, M|\n|poke|p2|Hippowdon, L50, F, shiny|\n|poke|p2|Dragonite, L50, F, shiny|\n|poke|p2|Aegislash, L50, M, shiny|\n|poke|p2|Volcarona, L50, F, shiny|\n|poke|p2|Greninja, L50, M, shiny|\n|poke|p2|Mimikyu, L50, M, shiny|\n|teampreview|3\n|\n|t:|1777087275\n|teamsize|p1|3\n|teamsize|p2|3\n|start\n|switch|p1a: Mimikyu|Mimikyu, L50, M|100/100\n|switch|p2a: Dragonite|Dragonite, L50, F, shiny|100/100\n|turn|1\n|inactive|Battle timer is ON: inactive players will automatically lose when time's up. (requested by gkswldn)\n|\n|t:|1777087285\n|switch|p1a: Rotom|Rotom-Wash, L50|100/100\n|detailschange|p2a: Dragonite|Dragonite-Mega, L50, F, shiny\n|-mega|p2a: Dragonite|Dragonite|Dragoninite\n|move|p2a: Dragonite|Air Slash|p1a: Rotom\n|-resisted|p1a: Rotom|1\n|-damage|p1a: Rotom|72/100\n|\n|upkeep\n|turn|2\n|\n|t:|1777087293\n|switch|p2a: Hippowdon|Hippowdon, L50, F, shiny|100/100\n|-weather|Sandstorm|[from] ability: Sand Stream|[of] p2a: Hippowdon\n|move|p1a: Rotom|Thunderbolt|p2a: Hippowdon\n|-immune|p2a: Hippowdon\n|\n|-weather|Sandstorm|[upkeep]\n|-damage|p1a: Rotom|67/100|[from] Sandstorm\n|upkeep\n|turn|3\n|\n|t:|1777087304\n|switch|p1a: Mimikyu|Mimikyu, L50, M|100/100\n|move|p2a: Hippowdon|Rock Tomb|p1a: Mimikyu\n|-activate|p1a: Mimikyu|ability: Disguise\n|-damage|p1a: Mimikyu|100/100\n|-unboost|p1a: Mimikyu|spe|1\n|detailschange|p1a: Mimikyu|Mimikyu-Busted, L50, M\n|-damage|p1a: Mimikyu|88/100|[from] pokemon: Mimikyu-Busted\n|\n|-weather|Sandstorm|[upkeep]\n|-damage|p1a: Mimikyu|82/100|[from] Sandstorm\n|upkeep\n|turn|4\n|\n|t:|1777087317\n|switch|p2a: Dragonite|Dragonite-Mega, L50, F, shiny|100/100\n|move|p1a: Mimikyu|Play Rough|p2a: Dragonite\n|-supereffective|p2a: Dragonite|1\n|-damage|p2a: Dragonite|67/100\n|\n|-weather|Sandstorm|[upkeep]\n|-damage|p2a: Dragonite|62/100|[from] Sandstorm\n|-damage|p1a: Mimikyu|76/100|[from] Sandstorm\n|upkeep\n|turn|5\n|\n|t:|1777087326\n|move|p2a: Dragonite|Roost|p2a: Dragonite\n|-heal|p2a: Dragonite|100/100\n|-singleturn|p2a: Dragonite|move: Roost\n|move|p1a: Mimikyu|Play Rough|p2a: Dragonite\n|-supereffective|p2a: Dragonite|1\n|-crit|p2a: Dragonite\n|-damage|p2a: Dragonite|46/100\n|-unboost|p2a: Dragonite|atk|1\n|\n|-weather|Sandstorm|[upkeep]\n|-damage|p2a: Dragonite|40/100|[from] Sandstorm\n|-damage|p1a: Mimikyu|70/100|[from] Sandstorm\n|upkeep\n|turn|6\n|\n|t:|1777087338\n|move|p1a: Mimikyu|Shadow Sneak|p2a: Dragonite\n|-damage|p2a: Dragonite|23/100\n|move|p2a: Dragonite|Air Slash|p1a: Mimikyu\n|-crit|p1a: Mimikyu\n|-damage|p1a: Mimikyu|0 fnt\n|faint|p1a: Mimikyu\n|\n|-weather|none\n|upkeep\n|\n|t:|1777087345\n|switch|p1a: Rotom|Rotom-Wash, L50|67/100\n|turn|7\n|\n|t:|1777087350\n|move|p1a: Rotom|Hydro Pump|p2a: Dragonite\n|-resisted|p2a: Dragonite|1\n|-damage|p2a: Dragonite|3/100\n|move|p2a: Dragonite|Roost|p2a: Dragonite\n|-heal|p2a: Dragonite|53/100\n|-singleturn|p2a: Dragonite|move: Roost\n|\n|upkeep\n|turn|8\n|\n|t:|1777087363\n|switch|p1a: Charizard|Charizard, L50, F|100/100\n|move|p2a: Dragonite|Roost|p2a: Dragonite\n|-heal|p2a: Dragonite|100/100\n|-singleturn|p2a: Dragonite|move: Roost\n|\n|upkeep\n|turn|9\n|\n|t:|1777087371\n|detailschange|p1a: Charizard|Charizard-Mega-X, L50, F\n|-mega|p1a: Charizard|Charizard|Charizardite X\n|move|p1a: Charizard|Outrage|p2a: Dragonite\n|-supereffective|p2a: Dragonite|1\n|-damage|p2a: Dragonite|20/100\n|move|p2a: Dragonite|Draco Meteor|p1a: Charizard\n|-supereffective|p1a: Charizard|1\n|-damage|p1a: Charizard|0 fnt\n|-unboost|p2a: Dragonite|spa|2\n|faint|p1a: Charizard\n|\n|upkeep\n|\n|t:|1777087381\n|switch|p1a: Rotom|Rotom-Wash, L50|67/100\n|turn|10\n|\n|t:|1777087384\n|move|p1a: Rotom|Hydro Pump|p2a: Dragonite\n|-resisted|p2a: Dragonite|1\n|-damage|p2a: Dragonite|0 fnt\n|faint|p2a: Dragonite\n|\n|upkeep\n|\n|t:|1777087388\n|switch|p2a: Hippowdon|Hippowdon, L50, F, shiny|100/100\n|-weather|Sandstorm|[from] ability: Sand Stream|[of] p2a: Hippowdon\n|turn|11\n|j| bromerta\n|\n|t:|1777087392\n|move|p1a: Rotom|Hydro Pump|p2a: Hippowdon\n|-supereffective|p2a: Hippowdon|1\n|-damage|p2a: Hippowdon|10/100\n|move|p2a: Hippowdon|Rock Tomb|p1a: Rotom\n|-damage|p1a: Rotom|44/100\n|-unboost|p1a: Rotom|spe|1\n|\n|-weather|Sandstorm|[upkeep]\n|-damage|p1a: Rotom|39/100|[from] Sandstorm\n|-heal|p2a: Hippowdon|16/100|[from] item: Leftovers\n|upkeep\n|turn|12\n|\n|t:|1777087402\n|move|p1a: Rotom|Hydro Pump|p2a: Hippowdon\n|-supereffective|p2a: Hippowdon|1\n|-damage|p2a: Hippowdon|0 fnt\n|faint|p2a: Hippowdon\n|\n|-weather|Sandstorm|[upkeep]\n|-damage|p1a: Rotom|33/100|[from] Sandstorm\n|upkeep\n|\n|t:|1777087406\n|switch|p2a: Mimikyu|Mimikyu, L50, M, shiny|100/100\n|turn|13\n|-message|gkswldn forfeited.\n|\n|win|PlatinumPassport\n|raw|gkswldn's rating: 1394 &rarr; <strong>1378</strong><br />(-16 for losing)\n|raw|PlatinumPassport's rating: 1468 &rarr; <strong>1484</strong><br />(+16 for winning)\n|l|\u2606gkswldn\n|player|p1|\n|l|\u2606PlatinumPassport\n|player|p2|\n", "uploadtime": 1777087516, "views": 13, "formatid": "gen9championsbssregma", "rating": 1378, "private": 0, "password": null}