{"id": "gen9championsbssregma-2594392027", "format": "[Gen 9 Champions] BSS Reg M-A", "players": ["korosuke", "zsx123456"], "log": "|j|\u2606korosuke\n|j|\u2606zsx123456\n|t:|1777190611\n|gametype|singles\n|player|p1|korosuke|erika|1375\n|player|p2|zsx123456|170|1306\n|gen|9\n|tier|[Gen 9 Champions] BSS Reg M-A\n|rated|\n|rule|Species Clause: Limit one of each Pok\u00e9mon\n|rule|Item Clause: Limit 1 of each item\n|clearpoke\n|poke|p1|Samurott-Hisui, L50, F|\n|poke|p1|Garchomp, L50, F|\n|poke|p1|Dragonite, L50, M|\n|poke|p1|Scizor, L50, F|\n|poke|p1|Archaludon, L50, F|\n|poke|p1|Espathra, L50, M|\n|poke|p2|Lucario, L50, M|\n|poke|p2|Garchomp, L50, M|\n|poke|p2|Corviknight, L50, F|\n|poke|p2|Basculegion, L50, M|\n|poke|p2|Meowscarada, L50, M|\n|poke|p2|Clefable, L50, F|\n|teampreview|3\n|inactive|Battle timer is ON: inactive players will automatically lose when time's up. (requested by korosuke)\n|j| Taku300\n|inactive|korosuke has 60 seconds left.\n|inactive|zsx123456 has 60 seconds left.\n|\n|t:|1777190663\n|teamsize|p1|3\n|teamsize|p2|3\n|start\n|switch|p1a: Samurott|Samurott-Hisui, L50, F|100/100\n|switch|p2a: Clefable|Clefable, L50, F|100/100\n|turn|1\n|\n|t:|1777190672\n|detailschange|p2a: Clefable|Clefable-Mega, L50, F\n|-mega|p2a: Clefable|Clefable|Clefablite\n|move|p1a: Samurott|Ceaseless Edge|p2a: Clefable\n|-resisted|p2a: Clefable|1\n|-damage|p2a: Clefable|84/100\n|-sidestart|p2: zsx123456|Spikes\n|move|p2a: Clefable|Moonblast|p1a: Samurott\n|-supereffective|p1a: Samurott|1\n|-enditem|p1a: Samurott|Focus Sash\n|-damage|p1a: Samurott|1/100\n|\n|upkeep\n|turn|2\n|\n|t:|1777190683\n|move|p1a: Samurott|Ceaseless Edge|p2a: Clefable\n|-resisted|p2a: Clefable|1\n|-damage|p2a: Clefable|68/100\n|-sidestart|p2: zsx123456|Spikes\n|move|p2a: Clefable|Flamethrower|p1a: Samurott\n|-resisted|p1a: Samurott|1\n|-damage|p1a: Samurott|0 fnt\n|faint|p1a: Samurott\n|\n|upkeep\n|\n|t:|1777190684\n|switch|p1a: Espathra|Espathra, L50, M|100/100\n|turn|3\n|\n|t:|1777190694\n|move|p1a: Espathra|Calm Mind|p1a: Espathra\n|-boost|p1a: Espathra|spa|1\n|-boost|p1a: Espathra|spd|1\n|move|p2a: Clefable|Calm Mind|p2a: Clefable\n|-boost|p2a: Clefable|spa|1\n|-boost|p2a: Clefable|spd|1\n|\n|-ability|p1a: Espathra|Speed Boost|boost\n|-boost|p1a: Espathra|spe|1\n|upkeep\n|turn|4\n|\n|t:|1777190711\n|move|p1a: Espathra|Lumina Crash|p2a: Clefable\n|-crit|p2a: Clefable\n|-damage|p2a: Clefable|1/100\n|-unboost|p2a: Clefable|spd|2\n|move|p2a: Clefable|Moonlight|p2a: Clefable\n|-heal|p2a: Clefable|50/100g\n|\n|-ability|p1a: Espathra|Speed Boost|boost\n|-boost|p1a: Espathra|spe|1\n|upkeep\n|turn|5\n|\n|t:|1777190723\n|move|p1a: Espathra|Calm Mind|p1a: Espathra\n|-boost|p1a: Espathra|spa|1\n|-boost|p1a: Espathra|spd|1\n|move|p2a: Clefable|Moonblast|p1a: Espathra\n|-damage|p1a: Espathra|47/100\n|\n|-ability|p1a: Espathra|Speed Boost|boost\n|-boost|p1a: Espathra|spe|1\n|upkeep\n|turn|6\n|\n|t:|1777190732\n|move|p1a: Espathra|Lumina Crash|p2a: Clefable\n|-damage|p2a: Clefable|0 fnt\n|faint|p2a: Clefable\n|\n|-ability|p1a: Espathra|Speed Boost|boost\n|-boost|p1a: Espathra|spe|1\n|upkeep\n|\n|t:|1777190740\n|switch|p2a: Meowscarada|Meowscarada, L50, M|100/100\n|-damage|p2a: Meowscarada|83/100|[from] Spikes\n|turn|7\n|\n|t:|1777190745\n|move|p2a: Meowscarada|Sucker Punch||[still]\n|-fail|p2a: Meowscarada\n|move|p1a: Espathra|Baton Pass|p1a: Espathra\n|\n|t:|1777190747\n|switch|p1a: Dragonite|Dragonite, L50, M|100/100|[from] Baton Pass\n|\n|upkeep\n|turn|8\n|j| driflount drifloon\n|\n|t:|1777190754\n|detailschange|p1a: Dragonite|Dragonite-Mega, L50, M\n|-mega|p1a: Dragonite|Dragonite|Dragoninite\n|move|p1a: Dragonite|Dragon Pulse|p2a: Meowscarada\n|-damage|p2a: Meowscarada|0 fnt\n|faint|p2a: Meowscarada\n|\n|upkeep\n|-message|zsx123456 forfeited.\n|\n|win|korosuke\n|raw|korosuke's rating: 1375 &rarr; <strong>1391</strong><br />(+16 for winning)\n|raw|zsx123456's rating: 1306 &rarr; <strong>1290</strong><br />(-16 for losing)\n|l|\u2606zsx123456\n|player|p2|\n|l|\u2606korosuke\n|player|p1|\n", "uploadtime": 1777190826, "views": 6, "formatid": "gen9championsbssregma", "rating": 1290, "private": 0, "password": null}