{"id": "gen9championsbssregma-2589639297", "format": "[Gen 9 Champions] BSS Reg M-A", "players": ["peko877", "lligand"], "log": "|j|\u2606peko877\n|j|\u2606lligand\n|t:|1776741885\n|gametype|singles\n|player|p1|peko877|iono|1446\n|player|p2|lligand|2|1353\n|gen|9\n|tier|[Gen 9 Champions] BSS Reg M-A\n|rated|\n|rule|Species Clause: Limit one of each Pok\u00e9mon\n|rule|Item Clause: Limit 1 of each item\n|clearpoke\n|poke|p1|Starmie, L50, shiny|\n|poke|p1|Corviknight, L50, M, shiny|\n|poke|p1|Garchomp, L50, M, shiny|\n|poke|p1|Rotom-Heat, L50, shiny|\n|poke|p1|Venusaur, L50, M, shiny|\n|poke|p1|Bellibolt, L50, M, shiny|\n|poke|p2|Dragapult, L50, F|\n|poke|p2|Venusaur, L50, M|\n|poke|p2|Corviknight, L50, M|\n|poke|p2|Hydreigon, L50, M|\n|poke|p2|Milotic, L50, M|\n|poke|p2|Manectric, L50, M|\n|teampreview|3\n|inactive|Battle timer is ON: inactive players will automatically lose when time's up. (requested by peko877)\n|j| p74\n|inactive|peko877 has 60 seconds left.\n|inactive|lligand has 60 seconds left.\n|\n|t:|1776741939\n|teamsize|p1|3\n|teamsize|p2|3\n|start\n|switch|p1a: Rotom|Rotom-Heat, L50, shiny|100/100\n|switch|p2a: Venusaur|Venusaur, L50, M|100/100\n|turn|1\n|\n|t:|1776741957\n|detailschange|p2a: Venusaur|Venusaur-Mega, L50, M\n|-mega|p2a: Venusaur|Venusaur|Venusaurite\n|move|p1a: Rotom|Volt Switch|p2a: Venusaur\n|-resisted|p2a: Venusaur|1\n|-damage|p2a: Venusaur|88/100\n|\n|t:|1776741964\n|switch|p1a: Bellibolt|Bellibolt, L50, M, shiny|100/100|[from] Volt Switch\n|move|p2a: Venusaur|Sludge Wave|p1a: Bellibolt\n|-damage|p1a: Bellibolt|59/100\n|-start|p1a: Bellibolt|Charge|Sludge Wave|[from] ability: Electromorphosis\n|\n|upkeep\n|turn|2\n|\n|t:|1776741973\n|move|p2a: Venusaur|Earth Power|p1a: Bellibolt\n|-supereffective|p1a: Bellibolt|1\n|-damage|p1a: Bellibolt|9/100\n|-start|p1a: Bellibolt|Charge|Earth Power|[from] ability: Electromorphosis\n|-enditem|p1a: Bellibolt|Sitrus Berry|[eat]\n|-heal|p1a: Bellibolt|33/100|[from] item: Sitrus Berry\n|move|p1a: Bellibolt|Soak|p2a: Venusaur\n|-start|p2a: Venusaur|typechange|Water\n|\n|upkeep\n|turn|3\n|\n|t:|1776741986\n|switch|p1a: Rotom|Rotom-Heat, L50, shiny|100/100\n|move|p2a: Venusaur|Earth Power|p1a: Rotom\n|-immune|p1a: Rotom|[from] ability: Levitate\n|\n|upkeep\n|turn|4\n|\n|t:|1776741993\n|switch|p2a: Hydreigon|Hydreigon, L50, M|100/100\n|move|p1a: Rotom|Volt Switch|p2a: Hydreigon\n|-resisted|p2a: Hydreigon|1\n|-damage|p2a: Hydreigon|82/100\n|\n|t:|1776741999\n|switch|p1a: Garchomp|Garchomp, L50, M, shiny|100/100|[from] Volt Switch\n|\n|upkeep\n|turn|5\n|\n|t:|1776742007\n|move|p2a: Hydreigon|Draco Meteor|p1a: Garchomp\n|-supereffective|p1a: Garchomp|1\n|-enditem|p1a: Garchomp|Focus Sash\n|-damage|p1a: Garchomp|1/100\n|-unboost|p2a: Hydreigon|spa|2\n|move|p1a: Garchomp|Outrage|p2a: Hydreigon\n|-supereffective|p2a: Hydreigon|1\n|-damage|p2a: Hydreigon|0 fnt\n|faint|p2a: Hydreigon\n|\n|upkeep\n|\n|t:|1776742017\n|switch|p2a: Venusaur|Venusaur-Mega, L50, M|88/100\n|turn|6\n|\n|t:|1776742020\n|move|p1a: Garchomp|Outrage|p2a: Venusaur|[from] lockedmove\n|-damage|p2a: Venusaur|33/100\n|move|p2a: Venusaur|Giga Drain|p1a: Garchomp\n|-damage|p1a: Garchomp|0 fnt\n|-heal|p2a: Venusaur|33/100|[from] drain|[of] p1a: Garchomp\n|faint|p1a: Garchomp\n|\n|upkeep\n|\n|t:|1776742025\n|switch|p1a: Rotom|Rotom-Heat, L50, shiny|100/100\n|turn|7\n|\n|t:|1776742032\n|move|p1a: Rotom|Overheat|p2a: Venusaur\n|-supereffective|p2a: Venusaur|1\n|-damage|p2a: Venusaur|0 fnt\n|-unboost|p1a: Rotom|spa|2\n|faint|p2a: Venusaur\n|\n|upkeep\n|\n|t:|1776742035\n|switch|p2a: Milotic|Milotic, L50, M|100/100\n|turn|8\n|\n|t:|1776742038\n|switch|p1a: Bellibolt|Bellibolt, L50, M, shiny|33/100\n|move|p2a: Milotic|Scald|p1a: Bellibolt\n|-damage|p1a: Bellibolt|11/100\n|-start|p1a: Bellibolt|Charge|Scald|[from] ability: Electromorphosis\n|\n|upkeep\n|turn|9\n|\n|t:|1776742047\n|move|p2a: Milotic|Scald|p1a: Bellibolt\n|-damage|p1a: Bellibolt|0 fnt\n|faint|p1a: Bellibolt\n|\n|upkeep\n|\n|t:|1776742048\n|switch|p1a: Rotom|Rotom-Heat, L50, shiny|100/100\n|turn|10\n|\n|t:|1776742055\n|move|p1a: Rotom|Volt Switch|p2a: Milotic\n|-supereffective|p2a: Milotic|1\n|-damage|p2a: Milotic|62/100\n|move|p2a: Milotic|Mirror Coat|p1a: Rotom\n|-damage|p1a: Rotom|0 fnt\n|faint|p1a: Rotom\n|\n|win|lligand\n|raw|peko877's rating: 1446 &rarr; <strong>1421</strong><br />(-25 for losing)\n|raw|lligand's rating: 1353 &rarr; <strong>1378</strong><br />(+25 for winning)\n|l|\u2606peko877\n|player|p1|\n|l|\u2606lligand\n|player|p2|\n", "uploadtime": 1776742529, "views": 4, "formatid": "gen9championsbssregma", "rating": 1378, "private": 0, "password": null}