{"id": "gen9championsbssregma-2594227096", "format": "[Gen 9 Champions] BSS Reg M-A", "players": ["unica11", "Aikazawa"], "log": "|j|\u2606unica11\n|j|\u2606Aikazawa\n|t:|1777169155\n|gametype|singles\n|player|p1|unica11|steven|1255\n|player|p2|Aikazawa|102|1233\n|gen|9\n|tier|[Gen 9 Champions] BSS Reg M-A\n|rated|\n|rule|Species Clause: Limit one of each Pok\u00e9mon\n|rule|Item Clause: Limit 1 of each item\n|clearpoke\n|poke|p1|Primarina, L50, M|\n|poke|p1|Hippowdon, L50, M|\n|poke|p1|Archaludon, L50, F|\n|poke|p1|Garchomp, L50, F|\n|poke|p1|Charizard, L50, M|\n|poke|p1|Lopunny, L50, M|\n|poke|p2|Volcarona, L50, F|\n|poke|p2|Dragonite, L50, M|\n|poke|p2|Azumarill, L50, F|\n|poke|p2|Garchomp, L50, M|\n|poke|p2|Gengar, L50, M|\n|poke|p2|Kingambit, L50, F|\n|teampreview|3\n|inactive|Battle timer is ON: inactive players will automatically lose when time's up. (requested by unica11)\n|inactive|Aikazawa has 60 seconds left.\n|\n|t:|1777169186\n|teamsize|p1|3\n|teamsize|p2|3\n|start\n|switch|p1a: Hippowdon|Hippowdon, L50, M|100/100\n|switch|p2a: Volcarona|Volcarona, L50, F|100/100\n|-weather|Sandstorm|[from] ability: Sand Stream|[of] p1a: Hippowdon\n|turn|1\n|\n|t:|1777169194\n|move|p2a: Volcarona|Quiver Dance|p2a: Volcarona\n|-boost|p2a: Volcarona|spa|1\n|-boost|p2a: Volcarona|spd|1\n|-boost|p2a: Volcarona|spe|1\n|move|p1a: Hippowdon|Earthquake|p2a: Volcarona\n|-damage|p2a: Volcarona|60/100\n|\n|-weather|Sandstorm|[upkeep]\n|-damage|p2a: Volcarona|53/100|[from] Sandstorm\n|upkeep\n|turn|2\n|\n|t:|1777169203\n|move|p2a: Volcarona|Quiver Dance|p2a: Volcarona\n|-boost|p2a: Volcarona|spa|1\n|-boost|p2a: Volcarona|spd|1\n|-boost|p2a: Volcarona|spe|1\n|move|p1a: Hippowdon|Yawn|p2a: Volcarona\n|-start|p2a: Volcarona|move: Yawn|[of] p1a: Hippowdon\n|\n|-weather|Sandstorm|[upkeep]\n|-damage|p2a: Volcarona|47/100|[from] Sandstorm\n|-enditem|p2a: Volcarona|Sitrus Berry|[eat]\n|-heal|p2a: Volcarona|72/100|[from] item: Sitrus Berry\n|upkeep\n|turn|3\n|\n|t:|1777169215\n|move|p2a: Volcarona|Giga Drain|p1a: Hippowdon\n|-supereffective|p1a: Hippowdon|1\n|-damage|p1a: Hippowdon|38/100\n|-heal|p2a: Volcarona|100/100|[from] drain|[of] p1a: Hippowdon\n|-enditem|p1a: Hippowdon|Sitrus Berry|[eat]\n|-heal|p1a: Hippowdon|63/100|[from] item: Sitrus Berry\n|move|p1a: Hippowdon|Stealth Rock|p2a: Volcarona\n|-sidestart|p2: Aikazawa|move: Stealth Rock\n|\n|-weather|Sandstorm|[upkeep]\n|-damage|p2a: Volcarona|93/100|[from] Sandstorm\n|-end|p2a: Volcarona|move: Yawn|[silent]\n|-status|p2a: Volcarona|slp\n|upkeep\n|turn|4\n|\n|t:|1777169227\n|switch|p1a: Charizard|Charizard, L50, M|100/100\n|cant|p2a: Volcarona|slp\n|\n|-weather|Sandstorm|[upkeep]\n|-damage|p2a: Volcarona|87/100 slp|[from] Sandstorm\n|-damage|p1a: Charizard|94/100|[from] Sandstorm\n|upkeep\n|turn|5\n|\n|t:|1777169235\n|detailschange|p1a: Charizard|Charizard-Mega-Y, L50, M\n|-mega|p1a: Charizard|Charizard|Charizardite Y\n|-weather|SunnyDay|[from] ability: Drought|[of] p1a: Charizard\n|cant|p2a: Volcarona|slp\n|move|p1a: Charizard|Air Slash|p2a: Volcarona\n|-supereffective|p2a: Volcarona|1\n|-damage|p2a: Volcarona|40/100 slp\n|\n|-weather|SunnyDay|[upkeep]\n|upkeep\n|turn|6\n|\n|t:|1777169246\n|-curestatus|p2a: Volcarona|slp|[msg]\n|move|p2a: Volcarona|Morning Sun|p2a: Volcarona\n|-heal|p2a: Volcarona|100/100\n|move|p1a: Charizard|Air Slash|p2a: Volcarona\n|-supereffective|p2a: Volcarona|1\n|-damage|p2a: Volcarona|52/100\n|\n|-weather|SunnyDay|[upkeep]\n|upkeep\n|turn|7\n|\n|t:|1777169257\n|move|p2a: Volcarona|Fiery Dance|p1a: Charizard\n|-resisted|p1a: Charizard|1\n|-damage|p1a: Charizard|43/100\n|-boost|p2a: Volcarona|spa|1\n|move|p1a: Charizard|Weather Ball|p2a: Volcarona\n|-damage|p2a: Volcarona|1/100\n|\n|-weather|SunnyDay|[upkeep]\n|upkeep\n|turn|8\n|\n|t:|1777169269\n|move|p2a: Volcarona|Morning Sun|p2a: Volcarona\n|-heal|p2a: Volcarona|67/100\n|move|p1a: Charizard|Weather Ball|p2a: Volcarona\n|-damage|p2a: Volcarona|20/100r\n|\n|-weather|SunnyDay|[upkeep]\n|upkeep\n|turn|9\n|\n|t:|1777169279\n|move|p2a: Volcarona|Morning Sun|p2a: Volcarona\n|-heal|p2a: Volcarona|86/100\n|move|p1a: Charizard|Weather Ball|p2a: Volcarona\n|-damage|p2a: Volcarona|39/100\n|\n|-weather|none\n|upkeep\n|turn|10\n|\n|t:|1777169288\n|move|p2a: Volcarona|Fiery Dance|p1a: Charizard\n|-resisted|p1a: Charizard|1\n|-damage|p1a: Charizard|1/100\n|-boost|p2a: Volcarona|spa|1\n|move|p1a: Charizard|Weather Ball|p2a: Volcarona\n|-damage|p2a: Volcarona|28/100\n|\n|upkeep\n|turn|11\n|\n|t:|1777169300\n|move|p2a: Volcarona|Morning Sun|p2a: Volcarona\n|-heal|p2a: Volcarona|78/100\n|move|p1a: Charizard|Air Slash|p2a: Volcarona\n|-supereffective|p2a: Volcarona|1\n|-damage|p2a: Volcarona|32/100\n|\n|upkeep\n|turn|12\n|\n|t:|1777169307\n|move|p2a: Volcarona|Fiery Dance|p1a: Charizard\n|-resisted|p1a: Charizard|1\n|-damage|p1a: Charizard|0 fnt\n|-boost|p2a: Volcarona|spa|1\n|faint|p1a: Charizard\n|\n|upkeep\n|\n|t:|1777169320\n|switch|p1a: Garchomp|Garchomp, L50, F|100/100\n|turn|13\n|\n|t:|1777169324\n|move|p2a: Volcarona|Giga Drain|p1a: Garchomp\n|-damage|p1a: Garchomp|10/100\n|-heal|p2a: Volcarona|78/100|[from] drain|[of] p1a: Garchomp\n|move|p1a: Garchomp|Outrage|p2a: Volcarona\n|-damage|p2a: Volcarona|6/100\n|\n|upkeep\n|turn|14\n|\n|t:|1777169333\n|move|p2a: Volcarona|Giga Drain|p1a: Garchomp\n|-damage|p1a: Garchomp|0 fnt\n|-heal|p2a: Volcarona|11/100|[from] drain|[of] p1a: Garchomp\n|faint|p1a: Garchomp\n|\n|upkeep\n|-message|unica11 forfeited.\n|\n|win|Aikazawa\n|raw|unica11's rating: 1255 &rarr; <strong>1228</strong><br />(-27 for losing)\n|raw|Aikazawa's rating: 1233 &rarr; <strong>1260</strong><br />(+27 for winning)\n|l|\u2606unica11\n|player|p1|\n", "uploadtime": 1777169343, "views": 16, "formatid": "gen9championsbssregma", "rating": 1228, "private": 0, "password": null}