{"id": "gen9championsbssregma-2593919855", "format": "[Gen 9 Champions] BSS Reg M-A", "players": ["Aver9", "zhiyongyici"], "log": "|j|\u2606Aver9\n|j|\u2606zhiyongyici\n|t:|1777139328\n|gametype|singles\n|player|p1|Aver9|266|1307\n|player|p2|zhiyongyici|clerk|1334\n|gen|9\n|tier|[Gen 9 Champions] BSS Reg M-A\n|rated|\n|rule|Species Clause: Limit one of each Pok\u00e9mon\n|rule|Item Clause: Limit 1 of each item\n|clearpoke\n|poke|p1|Tinkaton, L50, F|\n|poke|p1|Sneasler, L50, M|\n|poke|p1|Delphox, L50, M|\n|poke|p1|Meowscarada, L50, M|\n|poke|p1|Hippowdon, L50, F|\n|poke|p1|Gyarados, L50, F|\n|poke|p2|Pelipper, L50, M|\n|poke|p2|Basculegion, L50, M|\n|poke|p2|Archaludon, L50, F|\n|poke|p2|Meganium, L50, F|\n|poke|p2|Scizor, L50, M|\n|poke|p2|Glimmora, L50, M|\n|teampreview|3\n|\n|t:|1777139378\n|teamsize|p1|3\n|teamsize|p2|3\n|start\n|switch|p1a: Tinkaton|Tinkaton, L50, F|100/100\n|switch|p2a: Glimmora|Glimmora, L50, M|100/100\n|-ability|p1a: Tinkaton|Mold Breaker\n|turn|1\n|\n|t:|1777139389\n|move|p2a: Glimmora|Earth Power|p1a: Tinkaton\n|-supereffective|p1a: Tinkaton|1\n|-damage|p1a: Tinkaton|58/100\n|move|p1a: Tinkaton|Rock Tomb|p2a: Glimmora\n|-damage|p2a: Glimmora|86/100\n|-unboost|p2a: Glimmora|spe|1\n|-activate|p2a: Glimmora|ability: Toxic Debris\n|-sidestart|p1: Aver9|move: Toxic Spikes\n|\n|upkeep\n|turn|2\n|\n|t:|1777139401\n|switch|p2a: Pelipper|Pelipper, L50, M|100/100\n|-weather|RainDance|[from] ability: Drizzle|[of] p2a: Pelipper\n|move|p1a: Tinkaton|Gigaton Hammer|p2a: Pelipper\n|-resisted|p2a: Pelipper|1\n|-damage|p2a: Pelipper|80/100\n|\n|-weather|RainDance|[upkeep]\n|upkeep\n|turn|3\n|\n|t:|1777139412\n|move|p1a: Tinkaton|Rock Tomb|p2a: Pelipper\n|-supereffective|p2a: Pelipper|1\n|-damage|p2a: Pelipper|60/100\n|-unboost|p2a: Pelipper|spe|1\n|move|p2a: Pelipper|Weather Ball|p1a: Tinkaton\n|-damage|p1a: Tinkaton|18/100\n|\n|-weather|RainDance|[upkeep]\n|upkeep\n|turn|4\n|\n|t:|1777139424\n|move|p1a: Tinkaton|Stealth Rock|p2a: Pelipper\n|-sidestart|p2: zhiyongyici|move: Stealth Rock\n|move|p2a: Pelipper|Weather Ball|p1a: Tinkaton\n|-damage|p1a: Tinkaton|0 fnt\n|faint|p1a: Tinkaton\n|\n|-weather|RainDance|[upkeep]\n|upkeep\n|\n|t:|1777139433\n|switch|p1a: Gyarados|Gyarados, L50, F|100/100\n|-ability|p1a: Gyarados|Intimidate|boost\n|-unboost|p2a: Pelipper|atk|1\n|turn|5\n|\n|t:|1777139447\n|move|p1a: Gyarados|Dragon Dance|p1a: Gyarados\n|-boost|p1a: Gyarados|atk|1\n|-boost|p1a: Gyarados|spe|1\n|move|p2a: Pelipper|Hurricane|p1a: Gyarados\n|-damage|p1a: Gyarados|48/100\n|\n|-weather|RainDance|[upkeep]\n|upkeep\n|turn|6\n|\n|t:|1777139469\n|detailschange|p1a: Gyarados|Gyarados-Mega, L50, F\n|-mega|p1a: Gyarados|Gyarados|Gyaradosite\n|-ability|p1a: Gyarados|Mold Breaker\n|move|p1a: Gyarados|Ice Fang|p2a: Pelipper\n|-damage|p2a: Pelipper|22/100\n|move|p2a: Pelipper|Hurricane|p1a: Gyarados\n|-damage|p1a: Gyarados|10/100\n|-start|p1a: Gyarados|confusion\n|\n|-weather|none\n|upkeep\n|turn|7\n|\n|t:|1777139479\n|-activate|p1a: Gyarados|confusion\n|move|p1a: Gyarados|Ice Fang|p2a: Pelipper\n|-damage|p2a: Pelipper|0 fnt\n|faint|p2a: Pelipper\n|\n|upkeep\n|\n|t:|1777139483\n|switch|p2a: Scizor|Scizor, L50, M|100/100\n|-damage|p2a: Scizor|88/100|[from] Stealth Rock\n|turn|8\n|\n|t:|1777139488\n|detailschange|p2a: Scizor|Scizor-Mega, L50, M\n|-mega|p2a: Scizor|Scizor|Scizorite\n|move|p2a: Scizor|Bullet Punch|p1a: Gyarados\n|-resisted|p1a: Gyarados|1\n|-damage|p1a: Gyarados|0 fnt\n|faint|p1a: Gyarados\n|\n|upkeep\n|-message|Aver9 forfeited.\n|\n|win|zhiyongyici\n|raw|Aver9's rating: 1307 &rarr; <strong>1289</strong><br />(-18 for losing)\n|raw|zhiyongyici's rating: 1334 &rarr; <strong>1352</strong><br />(+18 for winning)\n|l|\u2606Aver9\n|player|p1|\n", "uploadtime": 1777139502, "views": 2, "formatid": "gen9championsbssregma", "rating": 1289, "private": 0, "password": null}