{"id": "gen9championsbssregma-2590560369", "format": "[Gen 9 Champions] BSS Reg M-A", "players": ["tigerduru", "Cold Steel III"], "log": "|j|\u2606tigerduru\n|j|\u2606Cold Steel III\n|t:|1776821160\n|gametype|singles\n|player|p1|tigerduru|cynthia|1330\n|player|p2|Cold Steel III|ash|1232\n|gen|9\n|tier|[Gen 9 Champions] BSS Reg M-A\n|rated|\n|rule|Species Clause: Limit one of each Pok\u00e9mon\n|rule|Item Clause: Limit 1 of each item\n|clearpoke\n|poke|p1|Araquanid, L50, M|\n|poke|p1|Volcarona, L50, F|\n|poke|p1|Kleavor, L50, F|\n|poke|p1|Pinsir, L50, F|\n|poke|p1|Rotom-Heat, L50|\n|poke|p1|Kingambit, L50, F|\n|poke|p2|Bellibolt, L50, M|\n|poke|p2|Corviknight, L50, M|\n|poke|p2|Venusaur, L50, M|\n|poke|p2|Hydreigon, L50, M|\n|poke|p2|Starmie, L50|\n|poke|p2|Toxapex, L50, M|\n|teampreview|3\n|inactive|Battle timer is ON: inactive players will automatically lose when time's up. (requested by Cold Steel III)\n|inactive|tigerduru has 60 seconds left.\n|inactive|Cold Steel III has 60 seconds left.\n|\n|t:|1776821209\n|teamsize|p1|3\n|teamsize|p2|3\n|start\n|switch|p1a: Kingambit|Kingambit, L50, F|100/100\n|switch|p2a: Toxapex|Toxapex, L50, M|100/100\n|turn|1\n|\n|t:|1776821216\n|switch|p2a: Corviknight|Corviknight, L50, M|100/100\n|move|p1a: Kingambit|Swords Dance|p1a: Kingambit\n|-boost|p1a: Kingambit|atk|2\n|\n|upkeep\n|turn|2\n|j| acyanmage\n|\n|t:|1776821229\n|-end|p1a: Kingambit|fallenundefined|[silent]\n|switch|p1a: Rotom|Rotom-Heat, L50|100/100\n|move|p2a: Corviknight|Body Press|p1a: Rotom\n|-damage|p1a: Rotom|71/100\n|\n|upkeep\n|turn|3\n|\n|t:|1776821238\n|switch|p2a: Hydreigon|Hydreigon, L50, M|100/100\n|move|p1a: Rotom|Will-O-Wisp|p2a: Hydreigon\n|-status|p2a: Hydreigon|brn\n|\n|-damage|p2a: Hydreigon|95/100 brn|[from] brn\n|upkeep\n|turn|4\n|\n|t:|1776821246\n|switch|p1a: Kingambit|Kingambit, L50, F|100/100\n|move|p2a: Hydreigon|Flamethrower|p1a: Kingambit\n|-supereffective|p1a: Kingambit|1\n|-damage|p1a: Kingambit|40/100\n|\n|-damage|p2a: Hydreigon|89/100 brn|[from] brn\n|upkeep\n|turn|5\n|\n|t:|1776821257\n|move|p2a: Hydreigon|Flamethrower|p1a: Kingambit\n|-supereffective|p1a: Kingambit|1\n|-damage|p1a: Kingambit|0 fnt\n|faint|p1a: Kingambit\n|-end|p1a: Kingambit|fallenundefined|[silent]\n|\n|-damage|p2a: Hydreigon|83/100 brn|[from] brn\n|upkeep\n|\n|t:|1776821259\n|switch|p1a: Pinsir|Pinsir, L50, F|100/100\n|turn|6\n|\n|t:|1776821265\n|switch|p2a: Toxapex|Toxapex, L50, M|100/100\n|detailschange|p1a: Pinsir|Pinsir-Mega, L50, F\n|-mega|p1a: Pinsir|Pinsir|Pinsirite\n|move|p1a: Pinsir|Close Combat|p2a: Toxapex\n|-resisted|p2a: Toxapex|1\n|-damage|p2a: Toxapex|83/100\n|-unboost|p1a: Pinsir|def|1\n|-unboost|p1a: Pinsir|spd|1\n|\n|upkeep\n|turn|7\n|\n|t:|1776821271\n|move|p1a: Pinsir|Earthquake|p2a: Toxapex\n|-supereffective|p2a: Toxapex|1\n|-damage|p2a: Toxapex|25/100\n|move|p2a: Toxapex|Toxic|p1a: Pinsir\n|-status|p1a: Pinsir|tox\n|\n|-damage|p1a: Pinsir|95/100 tox|[from] psn\n|upkeep\n|turn|8\n|\n|t:|1776821275\n|switch|p1a: Rotom|Rotom-Heat, L50|71/100\n|switch|p2a: Corviknight|Corviknight, L50, M|100/100\n|\n|upkeep\n|turn|9\n|\n|t:|1776821279\n|switch|p2a: Hydreigon|Hydreigon, L50, M|83/100 brn\n|move|p1a: Rotom|Volt Switch|p2a: Hydreigon\n|-resisted|p2a: Hydreigon|1\n|-damage|p2a: Hydreigon|65/100 brn\n|\n|t:|1776821283\n|switch|p1a: Pinsir|Pinsir-Mega, L50, F|95/100 tox|[from] Volt Switch\n|\n|-damage|p1a: Pinsir|89/100 tox|[from] psn\n|-damage|p2a: Hydreigon|59/100 brn|[from] brn\n|upkeep\n|turn|10\n|\n|t:|1776821290\n|move|p2a: Hydreigon|U-turn|p1a: Pinsir\n|-resisted|p1a: Pinsir|1\n|-damage|p1a: Pinsir|85/100 tox\n|\n|t:|1776821298\n|switch|p2a: Corviknight|Corviknight, L50, M|100/100|[from] U-turn\n|move|p1a: Pinsir|Close Combat|p2a: Corviknight\n|-damage|p2a: Corviknight|73/100\n|-unboost|p1a: Pinsir|def|1\n|-unboost|p1a: Pinsir|spd|1\n|\n|-heal|p2a: Corviknight|79/100|[from] item: Leftovers\n|-damage|p1a: Pinsir|74/100 tox|[from] psn\n|upkeep\n|turn|11\n|\n|t:|1776821306\n|switch|p1a: Rotom|Rotom-Heat, L50|71/100\n|move|p2a: Corviknight|U-turn|p1a: Rotom\n|-resisted|p1a: Rotom|1\n|-damage|p1a: Rotom|64/100\n|\n|t:|1776821308\n|switch|p2a: Hydreigon|Hydreigon, L50, M|59/100 brn|[from] U-turn\n|\n|-damage|p2a: Hydreigon|53/100 brn|[from] brn\n|upkeep\n|turn|12\n|\n|t:|1776821315\n|move|p2a: Hydreigon|Draco Meteor|p1a: Rotom\n|-damage|p1a: Rotom|0 fnt\n|-unboost|p2a: Hydreigon|spa|2\n|faint|p1a: Rotom\n|\n|-damage|p2a: Hydreigon|47/100 brn|[from] brn\n|upkeep\n|\n|t:|1776821317\n|switch|p1a: Pinsir|Pinsir-Mega, L50, F|74/100 tox\n|turn|13\n|\n|t:|1776821325\n|switch|p2a: Corviknight|Corviknight, L50, M|79/100\n|move|p1a: Pinsir|Close Combat|p2a: Corviknight\n|-damage|p2a: Corviknight|51/100\n|-unboost|p1a: Pinsir|def|1\n|-unboost|p1a: Pinsir|spd|1\n|\n|-heal|p2a: Corviknight|57/100|[from] item: Leftovers\n|-damage|p1a: Pinsir|68/100 tox|[from] psn\n|upkeep\n|turn|14\n|-message|tigerduru forfeited.\n|\n|win|Cold Steel III\n|raw|tigerduru's rating: 1330 &rarr; <strong>1305</strong><br />(-25 for losing)\n|raw|Cold Steel III's rating: 1232 &rarr; <strong>1264</strong><br />(+32 for winning)\n|l|\u2606tigerduru\n|player|p1|\n", "uploadtime": 1776821537, "views": 16, "formatid": "gen9championsbssregma", "rating": 1264, "private": 0, "password": null}