{"id": "gen9championsbssregma-2591000019", "format": "[Gen 9 Champions] BSS Reg M-A", "players": ["mr randomly", "Keyan_Sans"], "log": "|j|\u2606mr randomly\n|j|\u2606Keyan_Sans\n|t:|1776867583\n|gametype|singles\n|player|p1|mr randomly|scientist-gen4|1209\n|player|p2|Keyan_Sans|hugh|1215\n|gen|9\n|tier|[Gen 9 Champions] BSS Reg M-A\n|rated|\n|rule|Species Clause: Limit one of each Pok\u00e9mon\n|rule|Item Clause: Limit 1 of each item\n|clearpoke\n|poke|p1|Glimmora, L50, F|\n|poke|p1|Gyarados, L50, M|\n|poke|p1|Scovillain, L50, F|\n|poke|p1|Umbreon, L50, M|\n|poke|p1|Mimikyu, L50, F|\n|poke|p1|Gengar, L50, M|\n|poke|p2|Blastoise, L50, M|\n|poke|p2|Ninetales-Alola, L50, M|\n|poke|p2|Garchomp, L50, F|\n|poke|p2|Volcarona, L50, F|\n|poke|p2|Sneasler, L50, F|\n|poke|p2|Scizor, L50, F|\n|teampreview|3\n|inactive|Battle timer is ON: inactive players will automatically lose when time's up. (requested by mr randomly)\n|inactive|Keyan_Sans has 60 seconds left.\n|inactive|Keyan_Sans has 30 seconds left.\n|\n|t:|1776867689\n|teamsize|p1|3\n|teamsize|p2|3\n|start\n|switch|p1a: Glimmora|Glimmora, L50, F|100/100\n|switch|p2a: Blastoise|Blastoise, L50, M|100/100\n|turn|1\n|\n|t:|1776867697\n|detailschange|p2a: Blastoise|Blastoise-Mega, L50, M\n|-mega|p2a: Blastoise|Blastoise|Blastoisinite\n|move|p1a: Glimmora|Stealth Rock|p2a: Blastoise\n|-sidestart|p2: Keyan_Sans|move: Stealth Rock\n|move|p2a: Blastoise|Shell Smash|p2a: Blastoise\n|-unboost|p2a: Blastoise|def|1\n|-unboost|p2a: Blastoise|spd|1\n|-boost|p2a: Blastoise|atk|2\n|-boost|p2a: Blastoise|spa|2\n|-boost|p2a: Blastoise|spe|2\n|\n|upkeep\n|turn|2\n|\n|t:|1776867710\n|move|p2a: Blastoise|Water Pulse|p1a: Glimmora\n|-supereffective|p1a: Glimmora|1\n|-enditem|p1a: Glimmora|Focus Sash\n|-damage|p1a: Glimmora|1/100\n|move|p1a: Glimmora|Power Gem|p2a: Blastoise\n|-damage|p2a: Blastoise|32/100\n|\n|upkeep\n|turn|3\n|\n|t:|1776867717\n|move|p2a: Blastoise|Water Pulse|p1a: Glimmora\n|-supereffective|p1a: Glimmora|1\n|-damage|p1a: Glimmora|0 fnt\n|faint|p1a: Glimmora\n|\n|upkeep\n|\n|t:|1776867718\n|switch|p1a: Mimikyu|Mimikyu, L50, F|100/100\n|turn|4\n|\n|t:|1776867721\n|move|p1a: Mimikyu|Shadow Sneak|p2a: Blastoise\n|-damage|p2a: Blastoise|8/100\n|move|p2a: Blastoise|Water Pulse|p1a: Mimikyu\n|-activate|p1a: Mimikyu|ability: Disguise\n|-damage|p1a: Mimikyu|100/100\n|-start|p1a: Mimikyu|confusion\n|detailschange|p1a: Mimikyu|Mimikyu-Busted, L50, F\n|-damage|p1a: Mimikyu|88/100|[from] pokemon: Mimikyu-Busted\n|\n|upkeep\n|turn|5\n|\n|t:|1776867726\n|-activate|p1a: Mimikyu|confusion\n|move|p1a: Mimikyu|Shadow Sneak|p2a: Blastoise\n|-damage|p2a: Blastoise|0 fnt\n|faint|p2a: Blastoise\n|\n|upkeep\n|\n|t:|1776867732\n|switch|p2a: Sneasler|Sneasler, L50, F|100/100\n|-damage|p2a: Sneasler|95/100|[from] Stealth Rock\n|turn|6\n|\n|t:|1776867738\n|move|p2a: Sneasler|Shadow Claw|p1a: Mimikyu\n|-supereffective|p1a: Mimikyu|1\n|-damage|p1a: Mimikyu|7/100\n|-enditem|p1a: Mimikyu|Sitrus Berry|[eat]\n|-heal|p1a: Mimikyu|31/100|[from] item: Sitrus Berry\n|-activate|p1a: Mimikyu|confusion\n|-damage|p1a: Mimikyu|13/100|[from] confusion\n|\n|upkeep\n|turn|7\n|\n|t:|1776867743\n|-activate|p1a: Mimikyu|confusion\n|-damage|p1a: Mimikyu|0 fnt|[from] confusion\n|faint|p1a: Mimikyu\n|move|p2a: Sneasler|Dire Claw|p1: Mimikyu|[notarget]\n|-fail|p2a: Sneasler\n|\n|upkeep\n|\n|t:|1776867747\n|switch|p1a: Scovillain|Scovillain, L50, F|100/100\n|turn|8\n|\n|t:|1776867755\n|move|p1a: Scovillain|Protect|p1a: Scovillain\n|-singleturn|p1a: Scovillain|Protect\n|move|p2a: Sneasler|Swords Dance|p2a: Sneasler\n|-boost|p2a: Sneasler|atk|2\n|\n|-ability|p1a: Scovillain|Moody|boost\n|-boost|p1a: Scovillain|spd|2\n|-unboost|p1a: Scovillain|spa|1\n|upkeep\n|turn|9\n|\n|t:|1776867760\n|detailschange|p1a: Scovillain|Scovillain-Mega, L50, F\n|-mega|p1a: Scovillain|Scovillain|Scovillainite\n|move|p2a: Sneasler|Dire Claw|p1a: Scovillain\n|-supereffective|p1a: Scovillain|1\n|-damage|p1a: Scovillain|0 fnt\n|-status|p2a: Sneasler|brn|[from] ability: Spicy Spray|[of] p1a: Scovillain\n|faint|p1a: Scovillain\n|\n|win|Keyan_Sans\n|raw|mr randomly's rating: 1209 &rarr; <strong>1186</strong><br />(-23 for losing)\n|raw|Keyan_Sans's rating: 1242 &rarr; <strong>1265</strong><br />(+23 for winning)\n", "uploadtime": 1776867763, "views": 8, "formatid": "gen9championsbssregma", "rating": 1186, "private": 0, "password": null}