{"id": "gen9championsbssregma-2591079402", "format": "[Gen 9 Champions] BSS Reg M-A", "players": ["el_dakka", "sadasdasfafa"], "log": "|j|\u2606el_dakka\n|j|\u2606sadasdasfafa\n|t:|1776872907\n|gametype|singles\n|player|p1|el_dakka|hilda|1223\n|player|p2|sadasdasfafa|266|1138\n|gen|9\n|tier|[Gen 9 Champions] BSS Reg M-A\n|rated|\n|rule|Species Clause: Limit one of each Pok\u00e9mon\n|rule|Item Clause: Limit 1 of each item\n|clearpoke\n|poke|p1|Emboar, L50, M|\n|poke|p1|Corviknight, L50, M|\n|poke|p1|Garchomp, L50, M, shiny|\n|poke|p1|Greninja, L50, M, shiny|\n|poke|p1|Lopunny, L50, M|\n|poke|p1|Clefable, L50, F|\n|poke|p2|Charizard, L50, M|\n|poke|p2|Primarina, L50, M|\n|poke|p2|Tyranitar, L50, F|\n|poke|p2|Scizor, L50, F|\n|poke|p2|Gliscor, L50, M|\n|poke|p2|Serperior, L50, M|\n|teampreview|3\n|\n|t:|1776872936\n|teamsize|p1|3\n|teamsize|p2|3\n|start\n|switch|p1a: Hitme|Garchomp, L50, M, shiny|100/100\n|switch|p2a: Gliscor|Gliscor, L50, M|100/100\n|turn|1\n|inactive|Battle timer is ON: inactive players will automatically lose when time's up. (requested by sadasdasfafa)\n|\n|t:|1776872943\n|move|p2a: Gliscor|Earthquake|p1a: Hitme\n|-damage|p1a: Hitme|68/100\n|move|p1a: Hitme|Stealth Rock|p2a: Gliscor\n|-sidestart|p2: sadasdasfafa|move: Stealth Rock\n|\n|upkeep\n|turn|2\n|\n|t:|1776872951\n|move|p2a: Gliscor|Earthquake|p1a: Hitme\n|-damage|p1a: Hitme|34/100\n|move|p1a: Hitme|Dragon Tail|p2a: Gliscor\n|-damage|p2a: Gliscor|68/100\n|drag|p2a: Primarina|Primarina, L50, M|100/100\n|-damage|p2a: Primarina|88/100|[from] Stealth Rock\n|\n|-heal|p2a: Primarina|94/100|[from] item: Leftovers\n|upkeep\n|turn|3\n|\n|t:|1776872962\n|move|p1a: Hitme|Rock Tomb|p2a: Primarina\n|-damage|p2a: Primarina|76/100\n|-unboost|p2a: Primarina|spe|1\n|move|p2a: Primarina|Moonblast|p1a: Hitme\n|-supereffective|p1a: Hitme|1\n|-damage|p1a: Hitme|0 fnt\n|faint|p1a: Hitme\n|\n|-heal|p2a: Primarina|82/100|[from] item: Leftovers\n|upkeep\n|\n|t:|1776872973\n|switch|p1a: Grenega|Greninja, L50, M, shiny|100/100\n|turn|4\n|\n|t:|1776872979\n|move|p1a: Grenega|Sludge Wave|p2a: Primarina\n|-start|p1a: Grenega|typechange|Poison|[from] ability: Protean\n|-supereffective|p2a: Primarina|1\n|-damage|p2a: Primarina|0 fnt\n|faint|p2a: Primarina\n|\n|upkeep\n|\n|t:|1776872983\n|switch|p2a: Gliscor|Gliscor, L50, M|68/100\n|-damage|p2a: Gliscor|56/100|[from] Stealth Rock\n|turn|5\n|\n|t:|1776872989\n|move|p2a: Gliscor|Earthquake|p1a: Grenega\n|-supereffective|p1a: Grenega|1\n|-enditem|p1a: Grenega|Focus Sash\n|-damage|p1a: Grenega|1/100\n|move|p1a: Grenega|Ice Beam|p2a: Gliscor\n|-supereffective|p2a: Gliscor|2\n|-damage|p2a: Gliscor|0 fnt\n|faint|p2a: Gliscor\n|\n|upkeep\n|\n|t:|1776872992\n|switch|p2a: Charizard|Charizard, L50, M|100/100\n|-damage|p2a: Charizard|51/100|[from] Stealth Rock\n|turn|6\n|\n|t:|1776873002\n|detailschange|p2a: Charizard|Charizard-Mega-X, L50, M\n|-mega|p2a: Charizard|Charizard|Charizardite X\n|move|p1a: Grenega|Hydro Pump|p2a: Charizard\n|-damage|p2a: Charizard|12/100\n|move|p2a: Charizard|Roost|p2a: Charizard\n|-heal|p2a: Charizard|63/100\n|-singleturn|p2a: Charizard|move: Roost\n|\n|upkeep\n|turn|7\n|\n|t:|1776873011\n|move|p1a: Grenega|Hydro Pump|p2a: Charizard\n|-damage|p2a: Charizard|22/100\n|move|p2a: Charizard|Roost|p2a: Charizard\n|-heal|p2a: Charizard|72/100\n|-singleturn|p2a: Charizard|move: Roost\n|\n|upkeep\n|turn|8\n|\n|t:|1776873018\n|move|p1a: Grenega|Hydro Pump|p2a: Charizard\n|-damage|p2a: Charizard|35/100\n|move|p2a: Charizard|Roost|p2a: Charizard\n|-heal|p2a: Charizard|85/100\n|-singleturn|p2a: Charizard|move: Roost\n|\n|upkeep\n|turn|9\n|\n|t:|1776873026\n|move|p1a: Grenega|Ice Beam|p2a: Charizard\n|-damage|p2a: Charizard|53/100\n|move|p2a: Charizard|Roost|p2a: Charizard\n|-heal|p2a: Charizard|100/100\n|-singleturn|p2a: Charizard|move: Roost\n|\n|upkeep\n|turn|10\n|\n|t:|1776873034\n|move|p1a: Grenega|Hydro Pump|p2a: Charizard\n|-damage|p2a: Charizard|60/100\n|move|p2a: Charizard|Rock Tomb|p1a: Grenega\n|-damage|p1a: Grenega|0 fnt\n|faint|p1a: Grenega\n|\n|upkeep\n|\n|t:|1776873041\n|switch|p1a: Goat|Emboar, L50, M|100/100\n|turn|11\n|\n|t:|1776873049\n|detailschange|p1a: Goat|Emboar-Mega, L50, M\n|-mega|p1a: Goat|Emboar|Emboarite\n|-ability|p1a: Goat|Mold Breaker\n|move|p2a: Charizard|Rock Tomb|p1a: Goat\n|-damage|p1a: Goat|81/100\n|-unboost|p1a: Goat|spe|1\n|move|p1a: Goat|Earthquake|p2a: Charizard\n|-supereffective|p2a: Charizard|1\n|-damage|p2a: Charizard|0 fnt\n|faint|p2a: Charizard\n|\n|win|el_dakka\n|raw|el_dakka's rating: 1223 &rarr; <strong>1242</strong><br />(+19 for winning)\n|raw|sadasdasfafa's rating: 1138 &rarr; <strong>1119</strong><br />(-19 for losing)\n", "uploadtime": 1776873051, "views": 2, "formatid": "gen9championsbssregma", "rating": 1119, "private": 0, "password": null}