{"id": "gen9championsbssregma-2591928861", "format": "[Gen 9 Champions] BSS Reg M-A", "players": ["rakunaria", "jbkjbkbj"], "log": "|j|\u2606rakunaria\n|j|\u2606jbkjbkbj\n|t:|1776951912\n|gametype|singles\n|player|p1|rakunaria|dawn|1360\n|player|p2|jbkjbkbj|169|1369\n|gen|9\n|tier|[Gen 9 Champions] BSS Reg M-A\n|rated|\n|rule|Species Clause: Limit one of each Pok\u00e9mon\n|rule|Item Clause: Limit 1 of each item\n|clearpoke\n|poke|p1|Dragonite, L50, F|\n|poke|p1|Diggersby, L50, F|\n|poke|p1|Basculegion, L50, M|\n|poke|p1|Victreebel, L50, F|\n|poke|p1|Corviknight, L50, F|\n|poke|p1|Kingambit, L50, M|\n|poke|p2|Rotom-Wash, L50|\n|poke|p2|Toxapex, L50, F|\n|poke|p2|Venusaur, L50, M|\n|poke|p2|Hippowdon, L50, F|\n|poke|p2|Umbreon, L50, M|\n|poke|p2|Clefable, L50, F|\n|teampreview|3\n|inactive|Battle timer is ON: inactive players will automatically lose when time's up. (requested by jbkjbkbj)\n|inactive|jbkjbkbj has 60 seconds left.\n|inactive|rakunaria has 60 seconds left.\n|\n|t:|1776951958\n|teamsize|p1|3\n|teamsize|p2|3\n|start\n|switch|p1a: Dragonite|Dragonite, L50, F|100/100\n|switch|p2a: Rotom|Rotom-Wash, L50|100/100\n|turn|1\n|\n|t:|1776951967\n|detailschange|p1a: Dragonite|Dragonite-Mega, L50, F\n|-mega|p1a: Dragonite|Dragonite|Dragoninite\n|move|p2a: Rotom|Volt Switch|p1a: Dragonite\n|-damage|p1a: Dragonite|88/100\n|\n|t:|1776951972\n|switch|p2a: Umbreon|Umbreon, L50, M|100/100|[from] Volt Switch\n|move|p1a: Dragonite|Draco Meteor|p2a: Umbreon\n|-damage|p2a: Umbreon|55/100\n|-unboost|p1a: Dragonite|spa|2\n|\n|-heal|p2a: Umbreon|61/100|[from] item: Leftovers\n|upkeep\n|turn|2\n|\n|t:|1776951979\n|switch|p1a: Corviknight|Corviknight, L50, F|100/100\n|-ability|p1a: Corviknight|Pressure\n|move|p2a: Umbreon|Yawn|p1a: Corviknight\n|-start|p1a: Corviknight|move: Yawn|[of] p2a: Umbreon\n|\n|-heal|p2a: Umbreon|67/100|[from] item: Leftovers\n|upkeep\n|turn|3\n|\n|t:|1776951985\n|switch|p1a: Dragonite|Dragonite-Mega, L50, F|88/100\n|move|p2a: Umbreon|Wish|p2a: Umbreon\n|\n|-heal|p2a: Umbreon|73/100|[from] item: Leftovers\n|upkeep\n|turn|4\n|inactive|rakunaria has 30 seconds left.\n|inactive|rakunaria has 20 seconds left.\n|\n|t:|1776952023\n|move|p1a: Dragonite|Air Slash|p2a: Umbreon\n|-crit|p2a: Umbreon\n|-damage|p2a: Umbreon|36/100\n|move|p2a: Umbreon|Foul Play|p1a: Dragonite\n|-damage|p1a: Dragonite|61/100\n|\n|-heal|p2a: Umbreon|86/100|[from] move: Wish|[wisher] Umbreon\n|-heal|p2a: Umbreon|92/100|[from] item: Leftovers\n|upkeep\n|turn|5\n|\n|t:|1776952033\n|move|p1a: Dragonite|Air Slash|p2a: Umbreon\n|-damage|p2a: Umbreon|68/100\n|move|p2a: Umbreon|Wish|p2a: Umbreon\n|\n|-heal|p2a: Umbreon|74/100|[from] item: Leftovers\n|upkeep\n|turn|6\n|\n|t:|1776952047\n|switch|p1a: Corviknight|Corviknight, L50, F|100/100\n|-ability|p1a: Corviknight|Pressure\n|move|p2a: Umbreon|Yawn|p1a: Corviknight\n|-start|p1a: Corviknight|move: Yawn|[of] p2a: Umbreon\n|\n|-heal|p2a: Umbreon|100/100|[from] move: Wish|[wisher] Umbreon\n|upkeep\n|turn|7\n|\n|t:|1776952059\n|switch|p1a: Dragonite|Dragonite-Mega, L50, F|61/100\n|move|p2a: Umbreon|Yawn|p1a: Dragonite\n|-start|p1a: Dragonite|move: Yawn|[of] p2a: Umbreon\n|\n|upkeep\n|turn|8\n|\n|t:|1776952066\n|switch|p1a: Corviknight|Corviknight, L50, F|100/100\n|-ability|p1a: Corviknight|Pressure\n|switch|p2a: Rotom|Rotom-Wash, L50|100/100\n|\n|upkeep\n|turn|9\n|\n|t:|1776952076\n|switch|p1a: Diggersby|Diggersby, L50, F|100/100\n|move|p2a: Rotom|Will-O-Wisp|p1a: Diggersby|[miss]\n|-miss|p2a: Rotom|p1a: Diggersby\n|\n|upkeep\n|turn|10\n|\n|t:|1776952082\n|switch|p1a: Dragonite|Dragonite-Mega, L50, F|61/100\n|move|p2a: Rotom|Will-O-Wisp|p1a: Dragonite\n|-status|p1a: Dragonite|brn\n|\n|-damage|p1a: Dragonite|55/100 brn|[from] brn\n|upkeep\n|turn|11\n|\n|t:|1776952088\n|switch|p2a: Umbreon|Umbreon, L50, M|100/100\n|switch|p1a: Corviknight|Corviknight, L50, F|100/100\n|-ability|p1a: Corviknight|Pressure\n|\n|upkeep\n|turn|12\n|\n|t:|1776952096\n|move|p1a: Corviknight|Substitute|p1a: Corviknight\n|-start|p1a: Corviknight|Substitute\n|-damage|p1a: Corviknight|76/100\n|move|p2a: Umbreon|Yawn||[still]\n|-fail|p2a: Umbreon\n|\n|-heal|p1a: Corviknight|81/100|[from] item: Leftovers\n|upkeep\n|turn|13\n|\n|t:|1776952102\n|switch|p2a: Rotom|Rotom-Wash, L50|100/100\n|move|p1a: Corviknight|Body Press|p2a: Rotom\n|-damage|p2a: Rotom|69/100\n|\n|-heal|p1a: Corviknight|87/100|[from] item: Leftovers\n|upkeep\n|turn|14\n|\n|t:|1776952115\n|move|p2a: Rotom|Volt Switch|p1a: Corviknight\n|-supereffective|p1a: Corviknight|1\n|-end|p1a: Corviknight|Substitute\n|\n|t:|1776952119\n|switch|p2a: Hippowdon|Hippowdon, L50, F|100/100|[from] Volt Switch\n|move|p1a: Corviknight|Substitute|p1a: Corviknight\n|-start|p1a: Corviknight|Substitute\n|-damage|p1a: Corviknight|62/100\n|\n|-heal|p1a: Corviknight|68/100|[from] item: Leftovers\n|upkeep\n|turn|15\n|\n|t:|1776952122\n|move|p1a: Corviknight|Body Press|p2a: Hippowdon\n|-damage|p2a: Hippowdon|84/100\n|move|p2a: Hippowdon|Stealth Rock|p1a: Corviknight\n|-sidestart|p1: rakunaria|move: Stealth Rock\n|\n|-heal|p1a: Corviknight|74/100|[from] item: Leftovers\n|upkeep\n|turn|16\n|-activate|p2a: Hippowdon|item: Quick Claw\n|\n|t:|1776952129\n|move|p1a: Corviknight|Body Press|p2a: Hippowdon\n|-damage|p2a: Hippowdon|66/100\n|move|p2a: Hippowdon|Whirlwind|p1a: Corviknight\n|drag|p1a: Diggersby|Diggersby, L50, F|100/100\n|-damage|p1a: Diggersby|95/100|[from] Stealth Rock\n|\n|upkeep\n|turn|17\n|-activate|p2a: Hippowdon|item: Quick Claw\n|\n|t:|1776952145\n|move|p2a: Hippowdon|Earthquake|p1a: Diggersby\n|-damage|p1a: Diggersby|52/100\n|move|p1a: Diggersby|Earthquake|p2a: Hippowdon\n|-damage|p2a: Hippowdon|22/100\n|\n|upkeep\n|turn|18\n|\n|t:|1776952155\n|move|p1a: Diggersby|Ice Punch|p2a: Hippowdon\n|-supereffective|p2a: Hippowdon|1\n|-damage|p2a: Hippowdon|0 fnt\n|faint|p2a: Hippowdon\n|\n|upkeep\n|\n|t:|1776952162\n|switch|p2a: Rotom|Rotom-Wash, L50|69/100\n|turn|19\n|\n|t:|1776952165\n|switch|p1a: Dragonite|Dragonite-Mega, L50, F|55/100 brn\n|-damage|p1a: Dragonite|30/100 brn|[from] Stealth Rock\n|move|p2a: Rotom|Hydro Pump|p1a: Dragonite\n|-resisted|p1a: Dragonite|1\n|-damage|p1a: Dragonite|9/100 brn\n|\n|-damage|p1a: Dragonite|3/100 brn|[from] brn\n|upkeep\n|turn|20\n|\n|t:|1776952175\n|move|p2a: Rotom|Hydro Pump|p1a: Dragonite|[miss]\n|-miss|p2a: Rotom|p1a: Dragonite\n|move|p1a: Dragonite|Draco Meteor|p2a: Rotom\n|-damage|p2a: Rotom|0 fnt\n|-unboost|p1a: Dragonite|spa|2\n|faint|p2a: Rotom\n|\n|-damage|p1a: Dragonite|0 fnt|[from] brn\n|faint|p1a: Dragonite\n|upkeep\n|-message|jbkjbkbj forfeited.\n|\n|win|rakunaria\n|raw|rakunaria's rating: 1360 &rarr; <strong>1381</strong><br />(+21 for winning)\n|raw|jbkjbkbj's rating: 1369 &rarr; <strong>1348</strong><br />(-21 for losing)\n|l|\u2606jbkjbkbj\n|player|p2|\n", "uploadtime": 1776952182, "views": 6, "formatid": "gen9championsbssregma", "rating": 1348, "private": 0, "password": null}