{"id": "gen9championsbssregma-2590173606", "format": "[Gen 9 Champions] BSS Reg M-A", "players": ["hackercat01", "mrboogy"], "log": "|j|\u2606hackercat01\n|j|\u2606mrboogy\n|t:|1776791573\n|gametype|singles\n|player|p1|hackercat01|veteran|1128\n|player|p2|mrboogy|scientist|1108\n|gen|9\n|tier|[Gen 9 Champions] BSS Reg M-A\n|rated|\n|rule|Species Clause: Limit one of each Pok\u00e9mon\n|rule|Item Clause: Limit 1 of each item\n|clearpoke\n|poke|p1|Banette, L50, F|\n|poke|p1|Garchomp, L50, F|\n|poke|p1|Skarmory, L50, M|\n|poke|p1|Hydreigon, L50, M|\n|poke|p1|Toxapex, L50, F|\n|poke|p1|Primarina, L50, M|\n|poke|p2|Ditto, L50|\n|poke|p2|Chandelure, L50, M|\n|poke|p2|Tsareena, L50, F|\n|poke|p2|Espathra, L50, F|\n|poke|p2|Goodra-Hisui, L50, F|\n|poke|p2|Starmie, L50|\n|teampreview|3\n|inactive|Battle timer is ON: inactive players will automatically lose when time's up. (requested by mrboogy)\n|inactive|hackercat01 also wants the timer to be on.\n|inactive|mrboogy has 60 seconds left.\n|\n|t:|1776791605\n|teamsize|p1|3\n|teamsize|p2|3\n|start\n|switch|p1a: Banette|Banette, L50, F|100/100\n|switch|p2a: Espathra|Espathra, L50, F|100/100\n|-item|p2a: Espathra|Sitrus Berry|[from] ability: Frisk|[of] p1a: Banette\n|turn|1\n|\n|t:|1776791614\n|move|p2a: Espathra|Dazzling Gleam|p1a: Banette\n|-crit|p1a: Banette\n|-damage|p1a: Banette|61/100\n|move|p1a: Banette|Knock Off|p2a: Espathra\n|-supereffective|p2a: Espathra|1\n|-damage|p2a: Espathra|32/100\n|-enditem|p2a: Espathra|Sitrus Berry|[from] move: Knock Off|[of] p1a: Banette\n|\n|-ability|p2a: Espathra|Speed Boost|boost\n|-boost|p2a: Espathra|spe|1\n|upkeep\n|turn|2\n|\n|t:|1776791626\n|detailschange|p1a: Banette|Banette-Mega, L50, F\n|-mega|p1a: Banette|Banette|Banettite\n|move|p1a: Banette|Encore|p2a: Espathra\n|-start|p2a: Espathra|Encore\n|move|p2a: Espathra|Dazzling Gleam|p1a: Banette\n|-damage|p1a: Banette|38/100\n|\n|-ability|p2a: Espathra|Speed Boost|boost\n|-boost|p2a: Espathra|spe|1\n|upkeep\n|turn|3\n|\n|t:|1776791636\n|move|p1a: Banette|Shadow Sneak|p2a: Espathra\n|-supereffective|p2a: Espathra|1\n|-damage|p2a: Espathra|0 fnt\n|faint|p2a: Espathra\n|\n|upkeep\n|\n|t:|1776791643\n|switch|p2a: Starmie|Starmie, L50|100/100\n|turn|4\n|\n|t:|1776791652\n|detailschange|p2a: Starmie|Starmie-Mega, L50\n|-mega|p2a: Starmie|Starmie|Starminite\n|move|p1a: Banette|Destiny Bond|p1a: Banette\n|-singlemove|p1a: Banette|Destiny Bond\n|move|p2a: Starmie|Minimize|p2a: Starmie\n|-boost|p2a: Starmie|evasion|2\n|\n|upkeep\n|turn|5\n|\n|t:|1776791663\n|move|p1a: Banette|Encore|p2a: Starmie\n|-start|p2a: Starmie|Encore\n|move|p2a: Starmie|Minimize|p2a: Starmie\n|-boost|p2a: Starmie|evasion|2\n|\n|upkeep\n|turn|6\n|\n|t:|1776791669\n|switch|p1a: Garchomp|Garchomp, L50, F|100/100\n|move|p2a: Starmie|Minimize|p2a: Starmie\n|-boost|p2a: Starmie|evasion|2\n|\n|upkeep\n|turn|7\n|\n|t:|1776791677\n|move|p2a: Starmie|Minimize|p2a: Starmie\n|-boost|p2a: Starmie|evasion|0\n|move|p1a: Garchomp|Dragon Tail|p2a: Starmie|[miss]\n|-miss|p1a: Garchomp|p2a: Starmie\n|\n|-end|p2a: Starmie|Encore\n|upkeep\n|turn|8\n|\n|t:|1776791688\n|move|p2a: Starmie|Ice Spinner|p1a: Garchomp\n|-supereffective|p1a: Garchomp|2\n|-damage|p1a: Garchomp|0 fnt\n|-damage|p2a: Starmie|88/100|[from] ability: Rough Skin|[of] p1a: Garchomp\n|faint|p1a: Garchomp\n|\n|upkeep\n|\n|t:|1776791690\n|switch|p1a: Hydreigon|Hydreigon, L50, M|100/100\n|turn|9\n|\n|t:|1776791699\n|move|p1a: Hydreigon|Dark Pulse|p2a: Starmie|[miss]\n|-miss|p1a: Hydreigon|p2a: Starmie\n|move|p2a: Starmie|Ice Spinner|p1a: Hydreigon\n|-supereffective|p1a: Hydreigon|1\n|-damage|p1a: Hydreigon|0 fnt\n|faint|p1a: Hydreigon\n|\n|upkeep\n|\n|t:|1776791701\n|switch|p1a: Banette|Banette-Mega, L50, F|38/100\n|turn|10\n|\n|t:|1776791706\n|move|p1a: Banette|Destiny Bond|p1a: Banette\n|-singlemove|p1a: Banette|Destiny Bond\n|move|p2a: Starmie|Waterfall|p1a: Banette\n|-damage|p1a: Banette|0 fnt\n|faint|p1a: Banette\n|-activate|p1a: Banette|move: Destiny Bond\n|faint|p2a: Starmie\n|\n|win|mrboogy\n|raw|hackercat01's rating: 1128 &rarr; <strong>1102</strong><br />(-26 for losing)\n|raw|mrboogy's rating: 1108 &rarr; <strong>1134</strong><br />(+26 for winning)\n", "uploadtime": 1776791706, "views": 2, "formatid": "gen9championsbssregma", "rating": 1102, "private": 0, "password": null}