{"id": "gen9championsbssregma-2594758050", "format": "[Gen 9 Champions] BSS Reg M-A", "players": ["Velsard", "DiceyRice"], "log": "|j|\u2606Velsard\n|j|\u2606DiceyRice\n|t:|1777230563\n|gametype|singles\n|player|p1|Velsard|caitlin|1257\n|player|p2|DiceyRice|miku-ghost|1559\n|gen|9\n|tier|[Gen 9 Champions] BSS Reg M-A\n|rated|\n|rule|Species Clause: Limit one of each Pok\u00e9mon\n|rule|Item Clause: Limit 1 of each item\n|clearpoke\n|poke|p1|Venusaur, L50, F|\n|poke|p1|Hatterene, L50, F|\n|poke|p1|Zoroark-Hisui, L50, M|\n|poke|p1|Dragonite, L50, M|\n|poke|p1|Lycanroc-Dusk, L50, M|\n|poke|p1|Sharpedo, L50, F|\n|poke|p2|Clefable, L50, F|\n|poke|p2|Espathra, L50, M|\n|poke|p2|Incineroar, L50, F|\n|poke|p2|Aegislash, L50, M|\n|poke|p2|Hydreigon, L50, M|\n|poke|p2|Floette-Eternal, L50, F|\n|teampreview|3\n|\n|t:|1777230612\n|teamsize|p1|3\n|teamsize|p2|3\n|start\n|switch|p1a: Lycanroc|Lycanroc-Dusk, L50, M|100/100\n|switch|p2a: Espathra|Espathra, L50, M|100/100\n|turn|1\n|\n|t:|1777230623\n|move|p1a: Lycanroc|Stealth Rock|p2a: Espathra\n|-sidestart|p2: DiceyRice|move: Stealth Rock\n|move|p2a: Espathra|Substitute|p2a: Espathra\n|-start|p2a: Espathra|Substitute\n|-damage|p2a: Espathra|75/100\n|\n|-heal|p2a: Espathra|81/100|[from] item: Leftovers\n|-ability|p2a: Espathra|Speed Boost|boost\n|-boost|p2a: Espathra|spe|1\n|upkeep\n|turn|2\n|\n|t:|1777230626\n|move|p2a: Espathra|Protect|p2a: Espathra\n|-singleturn|p2a: Espathra|Protect\n|move|p1a: Lycanroc|Drill Run|p2a: Espathra\n|-activate|p2a: Espathra|move: Protect\n|\n|-heal|p2a: Espathra|87/100|[from] item: Leftovers\n|-ability|p2a: Espathra|Speed Boost|boost\n|-boost|p2a: Espathra|spe|1\n|upkeep\n|turn|3\n|\n|t:|1777230630\n|move|p2a: Espathra|Calm Mind|p2a: Espathra\n|-boost|p2a: Espathra|spa|1\n|-boost|p2a: Espathra|spd|1\n|move|p1a: Lycanroc|Drill Run|p2a: Espathra\n|-end|p2a: Espathra|Substitute\n|\n|-heal|p2a: Espathra|93/100|[from] item: Leftovers\n|-ability|p2a: Espathra|Speed Boost|boost\n|-boost|p2a: Espathra|spe|1\n|upkeep\n|turn|4\n|\n|t:|1777230636\n|move|p2a: Espathra|Protect|p2a: Espathra\n|-singleturn|p2a: Espathra|Protect\n|move|p1a: Lycanroc|Drill Run|p2a: Espathra\n|-activate|p2a: Espathra|move: Protect\n|\n|-heal|p2a: Espathra|99/100|[from] item: Leftovers\n|-ability|p2a: Espathra|Speed Boost|boost\n|-boost|p2a: Espathra|spe|1\n|upkeep\n|turn|5\n|\n|t:|1777230645\n|move|p2a: Espathra|Calm Mind|p2a: Espathra\n|-boost|p2a: Espathra|spa|1\n|-boost|p2a: Espathra|spd|1\n|move|p1a: Lycanroc|Endeavor|p2a: Espathra\n|-damage|p2a: Espathra|75/100\n|\n|-heal|p2a: Espathra|81/100|[from] item: Leftovers\n|-ability|p2a: Espathra|Speed Boost|boost\n|-boost|p2a: Espathra|spe|1\n|upkeep\n|turn|6\n|\n|t:|1777230649\n|move|p2a: Espathra|Protect|p2a: Espathra\n|-singleturn|p2a: Espathra|Protect\n|move|p1a: Lycanroc|Drill Run|p2a: Espathra\n|-activate|p2a: Espathra|move: Protect\n|\n|-heal|p2a: Espathra|87/100|[from] item: Leftovers\n|-ability|p2a: Espathra|Speed Boost|boost\n|-boost|p2a: Espathra|spe|1\n|upkeep\n|turn|7\n|\n|t:|1777230653\n|move|p2a: Espathra|Calm Mind|p2a: Espathra\n|-boost|p2a: Espathra|spa|1\n|-boost|p2a: Espathra|spd|1\n|move|p1a: Lycanroc|Drill Run|p2a: Espathra\n|-damage|p2a: Espathra|47/100\n|\n|-heal|p2a: Espathra|53/100|[from] item: Leftovers\n|upkeep\n|turn|8\n|\n|t:|1777230665\n|move|p2a: Espathra|Protect|p2a: Espathra\n|-singleturn|p2a: Espathra|Protect\n|move|p1a: Lycanroc|Accelerock|p2a: Espathra\n|-activate|p2a: Espathra|move: Protect\n|\n|-heal|p2a: Espathra|59/100|[from] item: Leftovers\n|upkeep\n|turn|9\n|\n|t:|1777230685\n|move|p1a: Lycanroc|Accelerock|p2a: Espathra\n|-damage|p2a: Espathra|26/100\n|move|p2a: Espathra|Baton Pass|p2a: Espathra\n|\n|t:|1777230688\n|switch|p2a: Incineroar|Incineroar, L50, F|100/100|[from] Baton Pass\n|-damage|p2a: Incineroar|75/100|[from] Stealth Rock\n|-ability|p2a: Incineroar|Intimidate|boost\n|-unboost|p1a: Lycanroc|atk|1\n|\n|upkeep\n|turn|10\n|\n|t:|1777230696\n|move|p2a: Incineroar|Bulk Up|p2a: Incineroar\n|-boost|p2a: Incineroar|atk|1\n|-boost|p2a: Incineroar|def|1\n|move|p1a: Lycanroc|Endeavor|p2a: Incineroar\n|-immune|p2a: Incineroar\n|\n|upkeep\n|turn|11\n|\n|t:|1777230703\n|move|p2a: Incineroar|Bulk Up|p2a: Incineroar\n|-boost|p2a: Incineroar|atk|1\n|-boost|p2a: Incineroar|def|1\n|move|p1a: Lycanroc|Drill Run|p2a: Incineroar\n|-supereffective|p2a: Incineroar|1\n|-damage|p2a: Incineroar|50/100g\n|\n|upkeep\n|turn|12\n|\n|t:|1777230710\n|move|p1a: Lycanroc|Accelerock|p2a: Incineroar\n|-supereffective|p2a: Incineroar|1\n|-damage|p2a: Incineroar|34/100\n|-enditem|p2a: Incineroar|Sitrus Berry|[eat]\n|-heal|p2a: Incineroar|59/100|[from] item: Sitrus Berry\n|move|p2a: Incineroar|Baton Pass|p2a: Incineroar\n|\n|t:|1777230712\n|switch|p2a: Clefable|Clefable, L50, F|100/100|[from] Baton Pass\n|-damage|p2a: Clefable|87/100|[from] Stealth Rock\n|\n|upkeep\n|turn|13\n|\n|t:|1777230719\n|move|p2a: Clefable|Cosmic Power|p2a: Clefable\n|-boost|p2a: Clefable|def|1\n|-boost|p2a: Clefable|spd|1\n|move|p1a: Lycanroc|Endeavor|p2a: Clefable\n|-damage|p2a: Clefable|75/100\n|\n|upkeep\n|turn|14\n|\n|t:|1777230721\n|move|p1a: Lycanroc|Accelerock|p2a: Clefable\n|-damage|p2a: Clefable|67/100\n|move|p2a: Clefable|Cosmic Power|p2a: Clefable\n|-boost|p2a: Clefable|def|1\n|-boost|p2a: Clefable|spd|1\n|\n|upkeep\n|turn|15\n|\n|t:|1777230729\n|move|p2a: Clefable|Cosmic Power|p2a: Clefable\n|-boost|p2a: Clefable|def|1\n|-boost|p2a: Clefable|spd|1\n|move|p1a: Lycanroc|Endeavor|p2a: Clefable\n|-immune|p2a: Clefable\n|\n|upkeep\n|turn|16\n|\n|t:|1777230733\n|move|p1a: Lycanroc|Accelerock|p2a: Clefable\n|-damage|p2a: Clefable|61/100\n|move|p2a: Clefable|Cosmic Power|p2a: Clefable\n|-boost|p2a: Clefable|def|1\n|-boost|p2a: Clefable|spd|0\n|\n|upkeep\n|turn|17\n|\n|t:|1777230738\n|move|p2a: Clefable|Cosmic Power|p2a: Clefable\n|-boost|p2a: Clefable|def|0\n|-boost|p2a: Clefable|spd|0\n|move|p1a: Lycanroc|Endeavor|p2a: Clefable\n|-immune|p2a: Clefable\n|\n|upkeep\n|turn|18\n|\n|t:|1777230742\n|move|p2a: Clefable|Cosmic Power|p2a: Clefable\n|-boost|p2a: Clefable|def|0\n|-boost|p2a: Clefable|spd|0\n|move|p1a: Lycanroc|Stealth Rock||[still]\n|-fail|p1a: Lycanroc\n|\n|upkeep\n|turn|19\n|\n|t:|1777230749\n|move|p1a: Lycanroc|Accelerock|p2a: Clefable\n|-damage|p2a: Clefable|55/100\n|move|p2a: Clefable|Cosmic Power|p2a: Clefable\n|-boost|p2a: Clefable|def|0\n|-boost|p2a: Clefable|spd|0\n|\n|upkeep\n|turn|20\n|\n|t:|1777230754\n|move|p2a: Clefable|Cosmic Power|p2a: Clefable\n|-boost|p2a: Clefable|def|0\n|-boost|p2a: Clefable|spd|0\n|move|p1a: Lycanroc|Endeavor|p2a: Clefable\n|-immune|p2a: Clefable\n|\n|upkeep\n|turn|21\n|\n|t:|1777230757\n|move|p1a: Lycanroc|Accelerock|p2a: Clefable\n|-damage|p2a: Clefable|50/100g\n|move|p2a: Clefable|Moonlight|p2a: Clefable\n|-heal|p2a: Clefable|100/100\n|\n|upkeep\n|turn|22\n|\n|t:|1777230763\n|move|p1a: Lycanroc|Accelerock|p2a: Clefable\n|-damage|p2a: Clefable|94/100\n|move|p2a: Clefable|Cosmic Power|p2a: Clefable\n|-boost|p2a: Clefable|def|0\n|-boost|p2a: Clefable|spd|0\n|\n|upkeep\n|turn|23\n|\n|t:|1777230770\n|move|p1a: Lycanroc|Accelerock|p2a: Clefable\n|-damage|p2a: Clefable|88/100\n|move|p2a: Clefable|Cosmic Power|p2a: Clefable\n|-boost|p2a: Clefable|def|0\n|-boost|p2a: Clefable|spd|0\n|\n|upkeep\n|turn|24\n|\n|t:|1777230776\n|move|p2a: Clefable|Cosmic Power|p2a: Clefable\n|-boost|p2a: Clefable|def|0\n|-boost|p2a: Clefable|spd|0\n|move|p1a: Lycanroc|Drill Run|p2a: Clefable\n|-damage|p2a: Clefable|80/100\n|\n|upkeep\n|turn|25\n|\n|t:|1777230781\n|move|p2a: Clefable|Cosmic Power|p2a: Clefable\n|-boost|p2a: Clefable|def|0\n|-boost|p2a: Clefable|spd|0\n|move|p1a: Lycanroc|Drill Run|p2a: Clefable\n|-crit|p2a: Clefable\n|-damage|p2a: Clefable|40/100\n|\n|upkeep\n|turn|26\n|\n|t:|1777230786\n|move|p2a: Clefable|Moonlight|p2a: Clefable\n|-heal|p2a: Clefable|90/100\n|move|p1a: Lycanroc|Drill Run|p2a: Clefable\n|-damage|p2a: Clefable|83/100\n|\n|upkeep\n|turn|27\n|\n|t:|1777230791\n|move|p2a: Clefable|Moonblast|p1a: Lycanroc\n|-enditem|p1a: Lycanroc|Focus Sash\n|-damage|p1a: Lycanroc|1/100\n|move|p1a: Lycanroc|Stealth Rock||[still]\n|-fail|p1a: Lycanroc\n|\n|upkeep\n|turn|28\n|\n|t:|1777230793\n|move|p2a: Clefable|Moonblast|p1a: Lycanroc\n|-damage|p1a: Lycanroc|0 fnt\n|faint|p1a: Lycanroc\n|\n|upkeep\n|\n|t:|1777230797\n|switch|p1a: Venusaur|Venusaur, L50, F|100/100\n|turn|29\n|\n|t:|1777230799\n|detailschange|p1a: Venusaur|Venusaur-Mega, L50, F\n|-mega|p1a: Venusaur|Venusaur|Venusaurite\n|move|p2a: Clefable|Stored Power|p1a: Venusaur\n|-supereffective|p1a: Venusaur|1\n|-damage|p1a: Venusaur|0 fnt\n|faint|p1a: Venusaur\n|\n|upkeep\n|\n|t:|1777230803\n|switch|p1a: Sharpedo|Sharpedo, L50, F|100/100\n|turn|30\n|\n|t:|1777230806\n|move|p1a: Sharpedo|Protect|p1a: Sharpedo\n|-singleturn|p1a: Sharpedo|Protect\n|move|p2a: Clefable|Moonblast|p1a: Sharpedo\n|-activate|p1a: Sharpedo|move: Protect\n|\n|-ability|p1a: Sharpedo|Speed Boost|boost\n|-boost|p1a: Sharpedo|spe|1\n|upkeep\n|turn|31\n|\n|t:|1777230811\n|move|p2a: Clefable|Moonblast|p1a: Sharpedo\n|-supereffective|p1a: Sharpedo|1\n|-damage|p1a: Sharpedo|0 fnt\n|faint|p1a: Sharpedo\n|\n|win|DiceyRice\n|raw|Velsard's rating: 1257 &rarr; <strong>1250</strong><br />(-7 for losing)\n|raw|DiceyRice's rating: 1559 &rarr; <strong>1565</strong><br />(+6 for winning)\n|l|\u2606Velsard\n|player|p1|\n", "uploadtime": 1777230818, "views": 1, "formatid": "gen9championsbssregma", "rating": 1250, "private": 0, "password": null}