{"id": "gen9championsbssregma-2594628854", "format": "[Gen 9 Champions] BSS Reg M-A", "players": ["rbugyun596", "DiceyRice"], "log": "|j|\u2606rbugyun596\n|j|\u2606DiceyRice\n|t:|1777219585\n|gametype|singles\n|player|p1|rbugyun596|artist|1446\n|player|p2|DiceyRice|miku-ghost|1524\n|gen|9\n|tier|[Gen 9 Champions] BSS Reg M-A\n|rated|\n|rule|Species Clause: Limit one of each Pok\u00e9mon\n|rule|Item Clause: Limit 1 of each item\n|clearpoke\n|poke|p1|Basculegion, L50, M|\n|poke|p1|Garchomp, L50, M|\n|poke|p1|Kangaskhan, L50, F|\n|poke|p1|Clefable, L50, F|\n|poke|p1|Aegislash, L50, F|\n|poke|p1|Arcanine, L50, M|\n|poke|p2|Clefable, L50, F|\n|poke|p2|Espathra, L50, M|\n|poke|p2|Incineroar, L50, M|\n|poke|p2|Aegislash, L50, F|\n|poke|p2|Hydreigon, L50, F|\n|poke|p2|Floette-Eternal, L50, F|\n|teampreview|3\n|\n|t:|1777219612\n|teamsize|p1|3\n|teamsize|p2|3\n|start\n|switch|p1a: Kangaskhan|Kangaskhan, L50, F|100/100\n|switch|p2a: Espathra|Espathra, L50, M|100/100\n|turn|1\n|\n|t:|1777219621\n|detailschange|p1a: Kangaskhan|Kangaskhan-Mega, L50, F\n|-mega|p1a: Kangaskhan|Kangaskhan|Kangaskhanite\n|move|p2a: Espathra|Protect|p2a: Espathra\n|-singleturn|p2a: Espathra|Protect\n|move|p1a: Kangaskhan|Double-Edge|p2a: Espathra\n|-activate|p2a: Espathra|move: Protect\n|\n|-ability|p2a: Espathra|Speed Boost|boost\n|-boost|p2a: Espathra|spe|1\n|upkeep\n|turn|2\n|\n|t:|1777219629\n|move|p2a: Espathra|Substitute|p2a: Espathra\n|-start|p2a: Espathra|Substitute\n|-damage|p2a: Espathra|75/100\n|move|p1a: Kangaskhan|Double-Edge|p2a: Espathra\n|-end|p2a: Espathra|Substitute\n|-damage|p1a: Kangaskhan|91/100|[from] Recoil|[of] p2a: Espathra\n|-damage|p2a: Espathra|55/100\n|-hitcount|p2a: Espathra|2\n|-damage|p1a: Kangaskhan|85/100|[from] Recoil\n|\n|-heal|p2a: Espathra|61/100|[from] item: Leftovers\n|-ability|p2a: Espathra|Speed Boost|boost\n|-boost|p2a: Espathra|spe|1\n|upkeep\n|turn|3\n|\n|t:|1777219632\n|move|p2a: Espathra|Protect|p2a: Espathra\n|-singleturn|p2a: Espathra|Protect\n|move|p1a: Kangaskhan|Double-Edge|p2a: Espathra\n|-activate|p2a: Espathra|move: Protect\n|\n|-heal|p2a: Espathra|67/100|[from] item: Leftovers\n|-ability|p2a: Espathra|Speed Boost|boost\n|-boost|p2a: Espathra|spe|1\n|upkeep\n|turn|4\n|\n|t:|1777219634\n|move|p2a: Espathra|Substitute|p2a: Espathra\n|-start|p2a: Espathra|Substitute\n|-damage|p2a: Espathra|42/100\n|move|p1a: Kangaskhan|Double-Edge|p2a: Espathra\n|-end|p2a: Espathra|Substitute\n|-damage|p1a: Kangaskhan|77/100|[from] Recoil|[of] p2a: Espathra\n|-damage|p2a: Espathra|23/100\n|-hitcount|p2a: Espathra|2\n|-damage|p1a: Kangaskhan|71/100|[from] Recoil\n|\n|-heal|p2a: Espathra|29/100|[from] item: Leftovers\n|-ability|p2a: Espathra|Speed Boost|boost\n|-boost|p2a: Espathra|spe|1\n|upkeep\n|turn|5\n|\n|t:|1777219637\n|move|p2a: Espathra|Protect|p2a: Espathra\n|-singleturn|p2a: Espathra|Protect\n|move|p1a: Kangaskhan|Double-Edge|p2a: Espathra\n|-activate|p2a: Espathra|move: Protect\n|\n|-heal|p2a: Espathra|35/100|[from] item: Leftovers\n|-ability|p2a: Espathra|Speed Boost|boost\n|-boost|p2a: Espathra|spe|1\n|upkeep\n|turn|6\n|\n|t:|1777219642\n|move|p2a: Espathra|Baton Pass|p2a: Espathra\n|\n|t:|1777219643\n|switch|p2a: Incineroar|Incineroar, L50, M|100/100|[from] Baton Pass\n|-ability|p2a: Incineroar|Intimidate|boost\n|-unboost|p1a: Kangaskhan|atk|1\n|move|p1a: Kangaskhan|Double-Edge|p2a: Incineroar\n|-damage|p2a: Incineroar|57/100\n|-damage|p2a: Incineroar|46/100\n|-enditem|p2a: Incineroar|Sitrus Berry|[eat]\n|-heal|p2a: Incineroar|71/100|[from] item: Sitrus Berry\n|-hitcount|p2a: Incineroar|2\n|-damage|p1a: Kangaskhan|54/100|[from] Recoil\n|\n|upkeep\n|turn|7\n|\n|t:|1777219658\n|move|p2a: Incineroar|Bulk Up|p2a: Incineroar\n|-boost|p2a: Incineroar|atk|1\n|-boost|p2a: Incineroar|def|1\n|move|p1a: Kangaskhan|Double-Edge|p2a: Incineroar\n|-damage|p2a: Incineroar|41/100\n|-crit|p2a: Incineroar\n|-damage|p2a: Incineroar|15/100\n|-hitcount|p2a: Incineroar|2\n|-damage|p1a: Kangaskhan|36/100|[from] Recoil\n|\n|upkeep\n|turn|8\n|\n|t:|1777219673\n|move|p2a: Incineroar|Power Trip|p1a: Kangaskhan\n|-damage|p1a: Kangaskhan|0 fnt\n|faint|p1a: Kangaskhan\n|\n|upkeep\n|c|\u2606rbugyun596|!dt power trip\n|c|\u2606rbugyun596|/raw <ul class=\"utilichart\"><li class=\"result\"><span class=\"col movenamecol\"><a href=\"https://dex.pokemonshowdown.com/moves/powertrip\">Power Trip</a></span> <span class=\"col typecol\"><img src=\"//play.pokemonshowdown.com/sprites/types/Dark.png\" alt=\"Dark\" width=\"32\" height=\"14\"><img src=\"//play.pokemonshowdown.com/sprites/categories/Physical.png\" alt=\"Physical\" width=\"32\" height=\"14\"></span> <span class=\"col labelcol\"><em>Power</em><br>20</span> <span class=\"col widelabelcol\"><em>Accuracy</em><br>100%</span> <span class=\"col pplabelcol\"><em>PP</em><br>16</span> <span class=\"col movedesccol\"> + 20 power for each of the user's stat boosts.</span> </li><li style=\"clear:both\"></li></ul>\n|c|\u2606rbugyun596|/raw <font size=\"1\"><font color=\"#686868\">Priority:</font> 0&nbsp;|&ThickSpace;<font color=\"#686868\">Gen:</font> 7&nbsp;|&ThickSpace;&#10003; Contact&nbsp;|&ThickSpace;<font color=\"#686868\">Z-Power:</font> 160&nbsp;|&ThickSpace;<font color=\"#686868\">Target:</font> One Adjacent Pok\u00e9mon</font>\n\n|\n|t:|1777219688\n|switch|p1a: Garchomp|Garchomp, L50, M|100/100\n|turn|9\n|\n|t:|1777219691\n|move|p2a: Incineroar|Baton Pass|p2a: Incineroar\n|\n|t:|1777219692\n|switch|p2a: Clefable|Clefable, L50, F|100/100|[from] Baton Pass\n|move|p1a: Garchomp|Stealth Rock|p2a: Clefable\n|-sidestart|p2: DiceyRice|move: Stealth Rock\n|\n|upkeep\n|turn|10\n|\n|t:|1777219705\n|move|p2a: Clefable|Cosmic Power|p2a: Clefable\n|-boost|p2a: Clefable|def|1\n|-boost|p2a: Clefable|spd|1\n|move|p1a: Garchomp|Earthquake|p2a: Clefable\n|-damage|p2a: Clefable|80/100\n|\n|upkeep\n|turn|11\n|\n|t:|1777219708\n|move|p2a: Clefable|Cosmic Power|p2a: Clefable\n|-boost|p2a: Clefable|def|1\n|-boost|p2a: Clefable|spd|1\n|move|p1a: Garchomp|Earthquake|p2a: Clefable\n|-damage|p2a: Clefable|62/100\n|\n|upkeep\n|turn|12\n|\n|t:|1777219710\n|move|p2a: Clefable|Cosmic Power|p2a: Clefable\n|-boost|p2a: Clefable|def|1\n|-boost|p2a: Clefable|spd|1\n|move|p1a: Garchomp|Earthquake|p2a: Clefable\n|-damage|p2a: Clefable|47/100\n|\n|upkeep\n|turn|13\n|\n|t:|1777219711\n|move|p2a: Clefable|Moonlight|p2a: Clefable\n|-heal|p2a: Clefable|97/100\n|move|p1a: Garchomp|Earthquake|p2a: Clefable\n|-damage|p2a: Clefable|81/100\n|\n|upkeep\n|turn|14\n|\n|t:|1777219713\n|move|p2a: Clefable|Cosmic Power|p2a: Clefable\n|-boost|p2a: Clefable|def|1\n|-boost|p2a: Clefable|spd|1\n|move|p1a: Garchomp|Earthquake|p2a: Clefable\n|-damage|p2a: Clefable|69/100\n|\n|upkeep\n|turn|15\n|\n|t:|1777219715\n|move|p2a: Clefable|Cosmic Power|p2a: Clefable\n|-boost|p2a: Clefable|def|1\n|-boost|p2a: Clefable|spd|1\n|move|p1a: Garchomp|Earthquake|p2a: Clefable\n|-damage|p2a: Clefable|57/100\n|\n|upkeep\n|turn|16\n|\n|t:|1777219719\n|move|p2a: Clefable|Cosmic Power|p2a: Clefable\n|-boost|p2a: Clefable|def|0\n|-boost|p2a: Clefable|spd|1\n|move|p1a: Garchomp|Earthquake|p2a: Clefable\n|-damage|p2a: Clefable|46/100\n|\n|upkeep\n|turn|17\n|\n|t:|1777219720\n|move|p2a: Clefable|Moonlight|p2a: Clefable\n|-heal|p2a: Clefable|96/100\n|move|p1a: Garchomp|Earthquake|p2a: Clefable\n|-damage|p2a: Clefable|83/100\n|\n|upkeep\n|turn|18\n|\n|t:|1777219724\n|move|p2a: Clefable|Stored Power|p1a: Garchomp\n|-damage|p1a: Garchomp|4/100\n|move|p1a: Garchomp|Earthquake|p2a: Clefable\n|-crit|p2a: Clefable\n|-damage|p2a: Clefable|20/100y\n|\n|upkeep\n|turn|19\n|\n|t:|1777219733\n|move|p2a: Clefable|Moonlight|p2a: Clefable\n|-heal|p2a: Clefable|70/100\n|move|p1a: Garchomp|Rock Tomb|p2a: Clefable\n|-damage|p2a: Clefable|65/100\n|-unboost|p2a: Clefable|spe|1\n|\n|upkeep\n|turn|20\n|\n|t:|1777219735\n|move|p2a: Clefable|Moonblast|p1a: Garchomp\n|-supereffective|p1a: Garchomp|1\n|-damage|p1a: Garchomp|0 fnt\n|faint|p1a: Garchomp\n|\n|upkeep\n|\n|t:|1777219737\n|switch|p1a: Basculegion|Basculegion, L50, M|100/100\n|turn|21\n|\n|t:|1777219743\n|detailschange|p2a: Clefable|Clefable-Mega, L50, F\n|-mega|p2a: Clefable|Clefable|Clefablite\n|move|p2a: Clefable|Stored Power|p1a: Basculegion\n|-damage|p1a: Basculegion|0 fnt\n|faint|p1a: Basculegion\n|\n|win|DiceyRice\n|raw|rbugyun596's rating: 1446 &rarr; <strong>1430</strong><br />(-16 for losing)\n|raw|DiceyRice's rating: 1524 &rarr; <strong>1540</strong><br />(+16 for winning)\n|l|\u2606rbugyun596\n|player|p1|\n", "uploadtime": 1777219751, "views": 7, "formatid": "gen9championsbssregma", "rating": 1430, "private": 0, "password": null}