{"id": "gen9championsbssregma-2594810759", "format": "[Gen 9 Champions] BSS Reg M-A", "players": ["jbkjbkbj", "joguri"], "log": "|j|\u2606jbkjbkbj\n|j|\u2606joguri\n|t:|1777235049\n|gametype|singles\n|player|p1|jbkjbkbj|102|1395\n|player|p2|joguri|dawn|1326\n|gen|9\n|tier|[Gen 9 Champions] BSS Reg M-A\n|rated|\n|rule|Species Clause: Limit one of each Pok\u00e9mon\n|rule|Item Clause: Limit 1 of each item\n|clearpoke\n|poke|p1|Dragonite, L50, M|\n|poke|p1|Glimmora, L50, F|\n|poke|p1|Basculegion, L50, M|\n|poke|p1|Clefable, L50, F|\n|poke|p1|Kingambit, L50, M|\n|poke|p1|Umbreon, L50, F|\n|poke|p2|Lopunny, L50, M|\n|poke|p2|Corviknight, L50, F|\n|poke|p2|Venusaur, L50, F|\n|poke|p2|Basculegion, L50, M|\n|poke|p2|Garchomp, L50, M|\n|poke|p2|Clefable, L50, F|\n|teampreview|3\n|inactive|Battle timer is ON: inactive players will automatically lose when time's up. (requested by jbkjbkbj)\n|inactive|jbkjbkbj has 60 seconds left.\n|inactive|joguri has 60 seconds left.\n|\n|t:|1777235092\n|teamsize|p1|3\n|teamsize|p2|3\n|start\n|switch|p1a: Glimmora|Glimmora, L50, F|100/100\n|switch|p2a: Lopunny|Lopunny, L50, M|100/100\n|turn|1\n|\n|t:|1777235111\n|move|p2a: Lopunny|Cosmic Power|p2a: Lopunny\n|-boost|p2a: Lopunny|def|1\n|-boost|p2a: Lopunny|spd|1\n|move|p1a: Glimmora|Sludge Bomb|p2a: Lopunny\n|-damage|p2a: Lopunny|68/100\n|\n|upkeep\n|turn|2\n|\n|t:|1777235118\n|move|p2a: Lopunny|Cosmic Power|p2a: Lopunny\n|-boost|p2a: Lopunny|def|1\n|-boost|p2a: Lopunny|spd|1\n|move|p1a: Glimmora|Stealth Rock|p2a: Lopunny\n|-sidestart|p2: joguri|move: Stealth Rock\n|\n|upkeep\n|turn|3\n|\n|t:|1777235124\n|move|p2a: Lopunny|Cotton Guard|p2a: Lopunny\n|-boost|p2a: Lopunny|def|3\n|move|p1a: Glimmora|Sludge Bomb|p2a: Lopunny\n|-damage|p2a: Lopunny|43/100\n|\n|upkeep\n|turn|4\n|\n|t:|1777235132\n|move|p2a: Lopunny|Cosmic Power|p2a: Lopunny\n|-boost|p2a: Lopunny|def|1\n|-boost|p2a: Lopunny|spd|1\n|move|p1a: Glimmora|Sludge Bomb|p2a: Lopunny\n|-damage|p2a: Lopunny|24/100\n|\n|upkeep\n|turn|5\n|\n|t:|1777235149\n|move|p2a: Lopunny|Agility|p2a: Lopunny\n|-boost|p2a: Lopunny|spe|2\n|move|p1a: Glimmora|Sludge Bomb|p2a: Lopunny\n|-damage|p2a: Lopunny|3/100\n|\n|upkeep\n|turn|6\n|\n|t:|1777235157\n|move|p2a: Lopunny|Baton Pass|p2a: Lopunny\n|\n|t:|1777235159\n|switch|p2a: Clefable|Clefable, L50, F|100/100|[from] Baton Pass\n|-damage|p2a: Clefable|87/100|[from] Stealth Rock\n|move|p1a: Glimmora|Sludge Bomb|p2a: Clefable\n|-supereffective|p2a: Clefable|1\n|-damage|p2a: Clefable|59/100\n|\n|upkeep\n|turn|7\n|\n|t:|1777235172\n|detailschange|p2a: Clefable|Clefable-Mega, L50, F\n|-mega|p2a: Clefable|Clefable|Clefablite\n|move|p2a: Clefable|Calm Mind|p2a: Clefable\n|-boost|p2a: Clefable|spa|1\n|-boost|p2a: Clefable|spd|1\n|move|p1a: Glimmora|Sludge Bomb|p2a: Clefable\n|-supereffective|p2a: Clefable|1\n|-damage|p2a: Clefable|38/100\n|\n|upkeep\n|turn|8\n|\n|t:|1777235184\n|move|p2a: Clefable|Moonlight|p2a: Clefable\n|-heal|p2a: Clefable|88/100\n|move|p1a: Glimmora|Sludge Bomb|p2a: Clefable\n|-supereffective|p2a: Clefable|1\n|-damage|p2a: Clefable|66/100\n|\n|upkeep\n|turn|9\n|\n|t:|1777235192\n|switch|p1a: Kingambit|Kingambit, L50, M|100/100\n|move|p2a: Clefable|Calm Mind|p2a: Clefable\n|-boost|p2a: Clefable|spa|1\n|-boost|p2a: Clefable|spd|1\n|\n|upkeep\n|turn|10\n|\n|t:|1777235205\n|move|p2a: Clefable|Moonlight|p2a: Clefable\n|-heal|p2a: Clefable|100/100\n|move|p1a: Kingambit|Swords Dance|p1a: Kingambit\n|-boost|p1a: Kingambit|atk|2\n|\n|upkeep\n|turn|11\n|\n|t:|1777235216\n|move|p2a: Clefable|Moonblast|p1a: Kingambit\n|-damage|p1a: Kingambit|0 fnt\n|faint|p1a: Kingambit\n|-end|p1a: Kingambit|fallenundefined|[silent]\n|\n|upkeep\n|\n|t:|1777235221\n|switch|p1a: Clefable|Clefable, L50, F|100/100\n|turn|12\n|\n|t:|1777235225\n|move|p2a: Clefable|Stored Power|p1a: Clefable\n|-damage|p1a: Clefable|22/100\n|move|p1a: Clefable|Cosmic Power|p1a: Clefable\n|-boost|p1a: Clefable|def|1\n|-boost|p1a: Clefable|spd|1\n|\n|upkeep\n|turn|13\n|-message|jbkjbkbj forfeited.\n|\n|win|joguri\n|raw|jbkjbkbj's rating: 1395 &rarr; <strong>1371</strong><br />(-24 for losing)\n|raw|joguri's rating: 1326 &rarr; <strong>1350</strong><br />(+24 for winning)\n|l|\u2606jbkjbkbj\n|player|p1|\n|j|\u2606jbkjbkbj\n|player|p1|jbkjbkbj|102|\n", "uploadtime": 1777235246, "views": 2, "formatid": "gen9championsbssregma", "rating": 1350, "private": 0, "password": null}