{"id": "gen9championsbssregma-2594377158", "format": "[Gen 9 Champions] BSS Reg M-A", "players": ["driflount drifloon", "nuko1234"], "log": "|j|\u2606driflount drifloon\n|j|\u2606nuko1234\n|t:|1777188197\n|gametype|singles\n|player|p1|driflount drifloon|brock|1256\n|player|p2|nuko1234|guitarist|1423\n|gen|9\n|tier|[Gen 9 Champions] BSS Reg M-A\n|rated|\n|rule|Species Clause: Limit one of each Pok\u00e9mon\n|rule|Item Clause: Limit 1 of each item\n|clearpoke\n|poke|p1|Espathra, L50, M|\n|poke|p1|Glimmora, L50, F|\n|poke|p1|Slowbro, L50, M|\n|poke|p1|Clefable, L50, F|\n|poke|p1|Corviknight, L50, F|\n|poke|p1|Incineroar, L50, F|\n|poke|p2|Gyarados, L50, F, shiny|\n|poke|p2|Charizard, L50, F, shiny|\n|poke|p2|Greninja, L50, F, shiny|\n|poke|p2|Mimikyu, L50, F, shiny|\n|poke|p2|Kangaskhan, L50, F, shiny|\n|poke|p2|Aegislash, L50, F, shiny|\n|teampreview|3\n|inactive|Battle timer is ON: inactive players will automatically lose when time's up. (requested by driflount drifloon)\n|inactive|driflount drifloon has 60 seconds left.\n|\n|t:|1777188242\n|teamsize|p1|3\n|teamsize|p2|3\n|start\n|switch|p1a: Glimmora|Glimmora, L50, F|100/100\n|switch|p2a: Greninja|Greninja, L50, F, shiny|100/100\n|turn|1\n|\n|t:|1777188264\n|move|p2a: Greninja|Surf|p1a: Glimmora\n|-supereffective|p1a: Glimmora|1\n|-enditem|p1a: Glimmora|Focus Sash\n|-damage|p1a: Glimmora|1/100\n|move|p1a: Glimmora|Mud Shot|p2a: Greninja\n|-damage|p2a: Greninja|67/100\n|-unboost|p2a: Greninja|spe|1\n|\n|upkeep\n|turn|2\n|\n|t:|1777188282\n|move|p2a: Greninja|Water Shuriken|p1a: Glimmora\n|-supereffective|p1a: Glimmora|1\n|-damage|p1a: Glimmora|0 fnt\n|faint|p1a: Glimmora\n|-hitcount|p1: Glimmora|1\n|\n|upkeep\n|\n|t:|1777188298\n|switch|p1a: Incineroar|Incineroar, L50, F|100/100\n|-ability|p1a: Incineroar|Intimidate|boost\n|-unboost|p2a: Greninja|atk|1\n|turn|3\n|\n|t:|1777188306\n|move|p2a: Greninja|Surf|p1a: Incineroar\n|-supereffective|p1a: Incineroar|1\n|-enditem|p1a: Incineroar|Passho Berry|[eat]\n|-enditem|p1a: Incineroar|Passho Berry|[weaken]\n|-damage|p1a: Incineroar|67/100\n|move|p1a: Incineroar|Flame Charge|p2a: Greninja\n|-resisted|p2a: Greninja|1\n|-damage|p2a: Greninja|50/100g\n|-boost|p1a: Incineroar|spe|1\n|\n|upkeep\n|turn|4\n|\n|t:|1777188315\n|move|p2a: Greninja|Water Shuriken|p1a: Incineroar\n|-supereffective|p1a: Incineroar|1\n|-damage|p1a: Incineroar|55/100\n|-supereffective|p1a: Incineroar|1\n|-damage|p1a: Incineroar|42/100\n|-supereffective|p1a: Incineroar|1\n|-damage|p1a: Incineroar|30/100\n|-hitcount|p1a: Incineroar|3\n|move|p1a: Incineroar|Baton Pass|p1a: Incineroar\n|\n|t:|1777188322\n|switch|p1a: Slowbro|Slowbro, L50, M|100/100|[from] Baton Pass\n|\n|upkeep\n|turn|5\n|\n|t:|1777188333\n|switch|p2a: Charizard|Charizard, L50, F, shiny|100/100\n|detailschange|p1a: Slowbro|Slowbro-Mega, L50, M\n|-mega|p1a: Slowbro|Slowbro|Slowbronite\n|move|p1a: Slowbro|Calm Mind|p1a: Slowbro\n|-boost|p1a: Slowbro|spa|1\n|-boost|p1a: Slowbro|spd|1\n|\n|upkeep\n|turn|6\n|\n|t:|1777188339\n|detailschange|p2a: Charizard|Charizard-Mega-X, L50, F, shiny\n|-mega|p2a: Charizard|Charizard|Charizardite X\n|move|p2a: Charizard|Swords Dance|p2a: Charizard\n|-boost|p2a: Charizard|atk|2\n|move|p1a: Slowbro|Calm Mind|p1a: Slowbro\n|-boost|p1a: Slowbro|spa|1\n|-boost|p1a: Slowbro|spd|1\n|\n|upkeep\n|turn|7\n|\n|t:|1777188346\n|move|p2a: Charizard|Outrage|p1a: Slowbro\n|-damage|p1a: Slowbro|19/100\n|move|p1a: Slowbro|Stored Power|p2a: Charizard\n|-damage|p2a: Charizard|0 fnt\n|faint|p2a: Charizard\n|\n|upkeep\n|\n|t:|1777188353\n|switch|p2a: Greninja|Greninja, L50, F, shiny|50/100g\n|turn|8\n|\n|t:|1777188356\n|move|p2a: Greninja|Dark Pulse|p1a: Slowbro\n|-supereffective|p1a: Slowbro|1\n|-damage|p1a: Slowbro|0 fnt\n|faint|p1a: Slowbro\n|\n|upkeep\n|\n|t:|1777188361\n|switch|p1a: Incineroar|Incineroar, L50, F|30/100\n|-ability|p1a: Incineroar|Intimidate|boost\n|-unboost|p2a: Greninja|atk|1\n|turn|9\n|-message|driflount drifloon forfeited.\n|\n|win|nuko1234\n|raw|driflount drifloon's rating: 1256 &rarr; <strong>1242</strong><br />(-14 for losing)\n|raw|nuko1234's rating: 1423 &rarr; <strong>1434</strong><br />(+11 for winning)\n|l|\u2606nuko1234\n|player|p2|\n", "uploadtime": 1777188370, "views": 11, "formatid": "gen9championsbssregma", "rating": 1242, "private": 0, "password": null}