{"id": "gen9championsbssregma-2592178406", "format": "[Gen 9 Champions] BSS Reg M-A", "players": ["PopinoVT", "G0d_OfMars20"], "log": "|j|\u2606PopinoVT\n|j|\u2606G0d_OfMars20\n|t:|1776968490\n|gametype|singles\n|player|p1|PopinoVT|cynthia|1214\n|player|p2|G0d_OfMars20|chili|1324\n|gen|9\n|tier|[Gen 9 Champions] BSS Reg M-A\n|rated|\n|rule|Species Clause: Limit one of each Pok\u00e9mon\n|rule|Item Clause: Limit 1 of each item\n|clearpoke\n|poke|p1|Lucario, L50, F|\n|poke|p1|Meowscarada, L50, M|\n|poke|p1|Garchomp, L50, F|\n|poke|p1|Delphox, L50, M|\n|poke|p1|Milotic, L50, M|\n|poke|p1|Kingambit, L50, M|\n|poke|p2|Charizard, L50, M, shiny|\n|poke|p2|Hatterene, L50, F|\n|poke|p2|Toxapex, L50, M, shiny|\n|poke|p2|Quaquaval, L50, M, shiny|\n|poke|p2|Corviknight, L50, M, shiny|\n|poke|p2|Garchomp, L50, F, shiny|\n|teampreview|3\n|inactive|Battle timer is ON: inactive players will automatically lose when time's up. (requested by G0d_OfMars20)\n|inactive|G0d_OfMars20 has 60 seconds left.\n|\n|t:|1776968530\n|teamsize|p1|3\n|teamsize|p2|3\n|start\n|switch|p1a: Meowscarada|Meowscarada, L50, M|100/100\n|switch|p2a: Hatterene|Hatterene, L50, F|100/100\n|turn|1\n|\n|t:|1776968540\n|move|p1a: Meowscarada|U-turn|p2a: Hatterene\n|-start|p1a: Meowscarada|typechange|Bug|[from] ability: Protean\n|-damage|p2a: Hatterene|72/100\n|\n|t:|1776968545\n|switch|p1a: Delphox|Delphox, L50, M|100/100|[from] U-turn\n|move|p2a: Hatterene|Nuzzle|p1a: Delphox\n|-damage|p1a: Delphox|94/100\n|-status|p1a: Delphox|par\n|\n|upkeep\n|turn|2\n|inactive|G0d_OfMars20 has 30 seconds left.\n|\n|t:|1776968572\n|switch|p2a: Garchomp|Garchomp, L50, F, shiny|100/100\n|detailschange|p1a: Delphox|Delphox-Mega, L50, M\n|-mega|p1a: Delphox|Delphox|Delphoxite\n|move|p1a: Delphox|Nasty Plot|p1a: Delphox\n|-boost|p1a: Delphox|spa|2\n|\n|upkeep\n|turn|3\n|\n|t:|1776968580\n|move|p1a: Delphox|Dazzling Gleam|p2a: Garchomp\n|-supereffective|p2a: Garchomp|1\n|-damage|p2a: Garchomp|0 fnt\n|faint|p2a: Garchomp\n|\n|upkeep\n|\n|t:|1776968582\n|switch|p2a: Charizard|Charizard, L50, M, shiny|100/100\n|turn|4\n|\n|t:|1776968587\n|detailschange|p2a: Charizard|Charizard-Mega-X, L50, M, shiny\n|-mega|p2a: Charizard|Charizard|Charizardite X\n|move|p2a: Charizard|Dragon Claw|p1a: Delphox\n|-damage|p1a: Delphox|15/100 par\n|move|p1a: Delphox|Psyshock|p2a: Charizard\n|-damage|p2a: Charizard|21/100\n|\n|upkeep\n|turn|5\n|\n|t:|1776968609\n|move|p2a: Charizard|Dragon Claw|p1a: Delphox\n|-damage|p1a: Delphox|0 fnt\n|faint|p1a: Delphox\n|\n|upkeep\n|\n|t:|1776968613\n|switch|p1a: Meowscarada|Meowscarada, L50, M|100/100\n|turn|6\n|\n|t:|1776968619\n|switch|p2a: Hatterene|Hatterene, L50, F|72/100\n|move|p1a: Meowscarada|Knock Off|p2a: Hatterene\n|-start|p1a: Meowscarada|typechange|Dark|[from] ability: Protean\n|-damage|p2a: Hatterene|38/100\n|-enditem|p2a: Hatterene|Sitrus Berry|[from] move: Knock Off|[of] p1a: Meowscarada\n|\n|upkeep\n|turn|7\n|\n|t:|1776968634\n|switch|p1a: Milotic|Milotic, L50, M|100/100\n|move|p2a: Hatterene|Draining Kiss|p1a: Milotic\n|-damage|p1a: Milotic|85/100\n|-heal|p2a: Hatterene|52/100|[from] drain|[of] p1a: Milotic\n|\n|-heal|p1a: Milotic|91/100|[from] item: Leftovers\n|upkeep\n|turn|8\n|\n|t:|1776968646\n|move|p1a: Milotic|Scald|p2a: Hatterene\n|-damage|p2a: Hatterene|22/100\n|move|p2a: Hatterene|Nuzzle|p1a: Milotic\n|-supereffective|p1a: Milotic|1\n|-crit|p1a: Milotic\n|-damage|p1a: Milotic|81/100\n|-status|p1a: Milotic|par\n|\n|-heal|p1a: Milotic|87/100 par|[from] item: Leftovers\n|upkeep\n|turn|9\n|\n|t:|1776968667\n|move|p1a: Milotic|Scald|p2a: Hatterene\n|-damage|p2a: Hatterene|0 fnt\n|faint|p2a: Hatterene\n|\n|-heal|p1a: Milotic|93/100 par|[from] item: Leftovers\n|upkeep\n|\n|t:|1776968674\n|switch|p2a: Charizard|Charizard-Mega-X, L50, M, shiny|21/100\n|turn|10\n|\n|t:|1776968677\n|move|p2a: Charizard|Roost|p2a: Charizard\n|-heal|p2a: Charizard|71/100\n|-singleturn|p2a: Charizard|move: Roost\n|move|p1a: Milotic|Scald|p2a: Charizard\n|-damage|p2a: Charizard|42/100\n|\n|-heal|p1a: Milotic|99/100 par|[from] item: Leftovers\n|upkeep\n|turn|11\n|\n|t:|1776968683\n|move|p2a: Charizard|Roost|p2a: Charizard\n|-heal|p2a: Charizard|92/100\n|-singleturn|p2a: Charizard|move: Roost\n|move|p1a: Milotic|Scald|p2a: Charizard\n|-damage|p2a: Charizard|62/100\n|\n|-heal|p1a: Milotic|100/100 par|[from] item: Leftovers\n|upkeep\n|turn|12\n|inactive|G0d_OfMars20 has 30 seconds left.\n|\n|t:|1776968715\n|move|p2a: Charizard|Roost|p2a: Charizard\n|-heal|p2a: Charizard|100/100\n|-singleturn|p2a: Charizard|move: Roost\n|move|p1a: Milotic|Scald|p2a: Charizard\n|-damage|p2a: Charizard|73/100\n|\n|upkeep\n|turn|13\n|\n|t:|1776968725\n|move|p2a: Charizard|Dragon Dance|p2a: Charizard\n|-boost|p2a: Charizard|atk|1\n|-boost|p2a: Charizard|spe|1\n|move|p1a: Milotic|Ice Beam|p2a: Charizard\n|-damage|p2a: Charizard|51/100\n|\n|upkeep\n|turn|14\n|\n|t:|1776968729\n|move|p2a: Charizard|Dragon Claw|p1a: Milotic\n|-damage|p1a: Milotic|59/100 par\n|move|p1a: Milotic|Haze|p1a: Milotic\n|-clearallboost\n|\n|-heal|p1a: Milotic|65/100 par|[from] item: Leftovers\n|upkeep\n|turn|15\n|\n|t:|1776968737\n|move|p2a: Charizard|Dragon Dance|p2a: Charizard\n|-boost|p2a: Charizard|atk|1\n|-boost|p2a: Charizard|spe|1\n|move|p1a: Milotic|Scald|p2a: Charizard\n|-damage|p2a: Charizard|23/100\n|\n|-heal|p1a: Milotic|71/100 par|[from] item: Leftovers\n|upkeep\n|turn|16\n|\n|t:|1776968739\n|move|p2a: Charizard|Roost|p2a: Charizard\n|-heal|p2a: Charizard|73/100\n|-singleturn|p2a: Charizard|move: Roost\n|move|p1a: Milotic|Haze|p1a: Milotic\n|-clearallboost\n|\n|-heal|p1a: Milotic|77/100 par|[from] item: Leftovers\n|upkeep\n|turn|17\n|\n|t:|1776968743\n|move|p2a: Charizard|Dragon Dance|p2a: Charizard\n|-boost|p2a: Charizard|atk|1\n|-boost|p2a: Charizard|spe|1\n|move|p1a: Milotic|Ice Beam|p2a: Charizard\n|-crit|p2a: Charizard\n|-damage|p2a: Charizard|38/100\n|\n|-heal|p1a: Milotic|83/100 par|[from] item: Leftovers\n|upkeep\n|turn|18\n|\n|t:|1776968751\n|move|p2a: Charizard|Dragon Claw|p1a: Milotic\n|-damage|p1a: Milotic|43/100 par\n|move|p1a: Milotic|Haze|p1a: Milotic\n|-clearallboost\n|\n|-heal|p1a: Milotic|49/100 par|[from] item: Leftovers\n|upkeep\n|turn|19\n|\n|t:|1776968754\n|move|p2a: Charizard|Roost|p2a: Charizard\n|-heal|p2a: Charizard|89/100\n|-singleturn|p2a: Charizard|move: Roost\n|move|p1a: Milotic|Ice Beam|p2a: Charizard\n|-damage|p2a: Charizard|68/100\n|\n|-heal|p1a: Milotic|54/100 par|[from] item: Leftovers\n|upkeep\n|turn|20\n|\n|t:|1776968757\n|move|p2a: Charizard|Dragon Dance|p2a: Charizard\n|-boost|p2a: Charizard|atk|1\n|-boost|p2a: Charizard|spe|1\n|move|p1a: Milotic|Haze|p1a: Milotic\n|-clearallboost\n|\n|-heal|p1a: Milotic|60/100 par|[from] item: Leftovers\n|upkeep\n|turn|21\n|\n|t:|1776968759\n|move|p2a: Charizard|Dragon Dance|p2a: Charizard\n|-boost|p2a: Charizard|atk|1\n|-boost|p2a: Charizard|spe|1\n|move|p1a: Milotic|Ice Beam|p2a: Charizard\n|-damage|p2a: Charizard|45/100\n|\n|-heal|p1a: Milotic|66/100 par|[from] item: Leftovers\n|upkeep\n|turn|22\n|\n|t:|1776968761\n|move|p2a: Charizard|Dragon Claw|p1a: Milotic\n|-damage|p1a: Milotic|20/100 par\n|move|p1a: Milotic|Haze|p1a: Milotic\n|-clearallboost\n|\n|-heal|p1a: Milotic|26/100 par|[from] item: Leftovers\n|upkeep\n|turn|23\n|\n|t:|1776968766\n|move|p2a: Charizard|Dragon Dance|p2a: Charizard\n|-boost|p2a: Charizard|atk|1\n|-boost|p2a: Charizard|spe|1\n|move|p1a: Milotic|Ice Beam|p2a: Charizard\n|-damage|p2a: Charizard|24/100\n|\n|-heal|p1a: Milotic|32/100 par|[from] item: Leftovers\n|upkeep\n|turn|24\n|\n|t:|1776968773\n|move|p2a: Charizard|Roost|p2a: Charizard\n|-heal|p2a: Charizard|74/100\n|-singleturn|p2a: Charizard|move: Roost\n|move|p1a: Milotic|Haze|p1a: Milotic\n|-clearallboost\n|\n|-heal|p1a: Milotic|38/100 par|[from] item: Leftovers\n|upkeep\n|turn|25\n|\n|t:|1776968776\n|move|p2a: Charizard|Dragon Dance|p2a: Charizard\n|-boost|p2a: Charizard|atk|1\n|-boost|p2a: Charizard|spe|1\n|cant|p1a: Milotic|par\n|\n|-heal|p1a: Milotic|44/100 par|[from] item: Leftovers\n|upkeep\n|turn|26\n|\n|t:|1776968779\n|move|p2a: Charizard|Dragon Claw|p1a: Milotic\n|-damage|p1a: Milotic|4/100 par\n|move|p1a: Milotic|Haze|p1a: Milotic\n|-clearallboost\n|\n|-heal|p1a: Milotic|10/100 par|[from] item: Leftovers\n|upkeep\n|turn|27\n|\n|t:|1776968787\n|move|p2a: Charizard|Dragon Claw|p1a: Milotic\n|-damage|p1a: Milotic|0 fnt\n|faint|p1a: Milotic\n|\n|upkeep\n|\n|t:|1776968789\n|switch|p1a: Meowscarada|Meowscarada, L50, M|100/100\n|turn|28\n|\n|t:|1776968803\n|move|p1a: Meowscarada|Play Rough|p2a: Charizard\n|-start|p1a: Meowscarada|typechange|Fairy|[from] ability: Protean\n|-damage|p2a: Charizard|35/100\n|move|p2a: Charizard|Flare Blitz|p1a: Meowscarada\n|-damage|p1a: Meowscarada|0 fnt\n|faint|p1a: Meowscarada\n|-damage|p2a: Charizard|8/100|[from] Recoil\n|\n|win|G0d_OfMars20\n|raw|PopinoVT's rating: 1214 &rarr; <strong>1194</strong><br />(-20 for losing)\n|raw|G0d_OfMars20's rating: 1288 &rarr; <strong>1308</strong><br />(+20 for winning)\n|l|\u2606G0d_OfMars20\n|player|p2|\n", "uploadtime": 1776968816, "views": 6, "formatid": "gen9championsbssregma", "rating": 1194, "private": 0, "password": null}