{"id": "gen9championsbssregma-2589865627", "format": "[Gen 9 Champions] BSS Reg M-A", "players": ["Keyan_Sans", "dyuros"], "log": "|j|\u2606Keyan_Sans\n|j|\u2606dyuros\n|t:|1776768703\n|gametype|singles\n|player|p1|Keyan_Sans|hugh|1325\n|player|p2|dyuros|101|1361\n|gen|9\n|tier|[Gen 9 Champions] BSS Reg M-A\n|rated|\n|rule|Species Clause: Limit one of each Pok\u00e9mon\n|rule|Item Clause: Limit 1 of each item\n|clearpoke\n|poke|p1|Gyarados, L50, M|\n|poke|p1|Aegislash, L50, M|\n|poke|p1|Garchomp, L50, F|\n|poke|p1|Meowscarada, L50, M|\n|poke|p1|Gengar, L50, M|\n|poke|p1|Primarina, L50, F|\n|poke|p2|Garchomp, L50, F|\n|poke|p2|Hippowdon, L50, F|\n|poke|p2|Clefable, L50, F|\n|poke|p2|Mimikyu, L50, F|\n|poke|p2|Skeledirge, L50, F|\n|poke|p2|Kangaskhan, L50, F|\n|teampreview|3\n|inactive|Battle timer is ON: inactive players will automatically lose when time's up. (requested by Keyan_Sans)\n|inactive|Keyan_Sans has 60 seconds left.\n|\n|t:|1776768744\n|teamsize|p1|3\n|teamsize|p2|3\n|start\n|switch|p1a: Meowscarada|Meowscarada, L50, M|100/100\n|switch|p2a: Clefable|Clefable, L50, F|100/100\n|turn|1\n|inactive|dyuros has 30 seconds left.\n|inactive|dyuros has 20 seconds left.\n|inactive|dyuros has 15 seconds left.\n|inactive|dyuros has 10 seconds left.\n|\n|t:|1776768790\n|move|p1a: Meowscarada|U-turn|p2a: Clefable\n|-start|p1a: Meowscarada|typechange|Bug|[from] ability: Protean\n|-resisted|p2a: Clefable|1\n|-damage|p2a: Clefable|86/100\n|inactive|Keyan_Sans has 30 seconds left.\n|\n|t:|1776768817\n|switch|p1a: Gyarados|Gyarados, L50, M|100/100|[from] U-turn\n|-ability|p1a: Gyarados|Intimidate|boost\n|-unboost|p2a: Clefable|atk|1\n|move|p2a: Clefable|Cosmic Power|p2a: Clefable\n|-boost|p2a: Clefable|def|1\n|-boost|p2a: Clefable|spd|1\n|\n|upkeep\n|turn|2\n|\n|t:|1776768829\n|move|p1a: Gyarados|Dragon Dance|p1a: Gyarados\n|-boost|p1a: Gyarados|atk|1\n|-boost|p1a: Gyarados|spe|1\n|move|p2a: Clefable|Cosmic Power|p2a: Clefable\n|-boost|p2a: Clefable|def|1\n|-boost|p2a: Clefable|spd|1\n|\n|upkeep\n|turn|3\n|\n|t:|1776768843\n|move|p1a: Gyarados|Dragon Dance|p1a: Gyarados\n|-boost|p1a: Gyarados|atk|1\n|-boost|p1a: Gyarados|spe|1\n|move|p2a: Clefable|Cosmic Power|p2a: Clefable\n|-boost|p2a: Clefable|def|1\n|-boost|p2a: Clefable|spd|1\n|\n|upkeep\n|turn|4\n|\n|t:|1776768852\n|move|p1a: Gyarados|Dragon Dance|p1a: Gyarados\n|-boost|p1a: Gyarados|atk|1\n|-boost|p1a: Gyarados|spe|1\n|move|p2a: Clefable|Stored Power|p1a: Gyarados\n|-damage|p1a: Gyarados|70/100\n|\n|upkeep\n|turn|5\n|\n|t:|1776768861\n|detailschange|p2a: Clefable|Clefable-Mega, L50, F\n|-mega|p2a: Clefable|Clefable|Clefablite\n|move|p1a: Gyarados|Dragon Dance|p1a: Gyarados\n|-boost|p1a: Gyarados|atk|1\n|-boost|p1a: Gyarados|spe|1\n|move|p2a: Clefable|Moonblast|p1a: Gyarados\n|-damage|p1a: Gyarados|26/100\n|\n|upkeep\n|turn|6\n|\n|t:|1776768865\n|detailschange|p1a: Gyarados|Gyarados-Mega, L50, M\n|-mega|p1a: Gyarados|Gyarados|Gyaradosite\n|-ability|p1a: Gyarados|Mold Breaker\n|move|p1a: Gyarados|Waterfall|p2a: Clefable\n|-damage|p2a: Clefable|44/100\n|cant|p2a: Clefable|flinch\n|\n|upkeep\n|turn|7\n|\n|t:|1776768872\n|move|p1a: Gyarados|Ice Fang|p2a: Clefable\n|-supereffective|p2a: Clefable|1\n|-damage|p2a: Clefable|1/100\n|move|p2a: Clefable|Moonlight|p2a: Clefable\n|-heal|p2a: Clefable|51/100\n|\n|upkeep\n|turn|8\n|\n|t:|1776768878\n|move|p1a: Gyarados|Ice Fang|p2a: Clefable\n|-supereffective|p2a: Clefable|1\n|-damage|p2a: Clefable|9/100\n|move|p2a: Clefable|Moonblast|p1a: Gyarados\n|-supereffective|p1a: Gyarados|1\n|-damage|p1a: Gyarados|0 fnt\n|faint|p1a: Gyarados\n|\n|upkeep\n|\n|t:|1776768885\n|switch|p1a: Meowscarada|Meowscarada, L50, M|100/100\n|turn|9\n|\n|t:|1776768891\n|move|p1a: Meowscarada|Play Rough|p2a: Clefable\n|-start|p1a: Meowscarada|typechange|Fairy|[from] ability: Protean\n|-damage|p2a: Clefable|0 fnt\n|faint|p2a: Clefable\n|\n|upkeep\n|\n|t:|1776768898\n|switch|p2a: Skeledirge|Skeledirge, L50, F|100/100\n|turn|10\n|\n|t:|1776768921\n|switch|p1a: Primarina|Primarina, L50, F|100/100\n|move|p2a: Skeledirge|Will-O-Wisp|p1a: Primarina\n|-status|p1a: Primarina|brn\n|\n|-damage|p1a: Primarina|95/100 brn|[from] brn\n|upkeep\n|turn|11\n|\n|t:|1776768944\n|switch|p2a: Mimikyu|Mimikyu, L50, F|100/100\n|move|p1a: Primarina|Sparkling Aria|p2a: Mimikyu\n|-activate|p2a: Mimikyu|ability: Disguise\n|-damage|p2a: Mimikyu|100/100\n|detailschange|p2a: Mimikyu|Mimikyu-Busted, L50, F\n|-damage|p2a: Mimikyu|88/100|[from] pokemon: Mimikyu-Busted\n|\n|-heal|p1a: Primarina|100/100 brn|[from] item: Leftovers\n|-damage|p1a: Primarina|95/100 brn|[from] brn\n|upkeep\n|turn|12\n|\n|t:|1776768951\n|move|p2a: Mimikyu|Swords Dance|p2a: Mimikyu\n|-boost|p2a: Mimikyu|atk|2\n|move|p1a: Primarina|Calm Mind|p1a: Primarina\n|-boost|p1a: Primarina|spa|1\n|-boost|p1a: Primarina|spd|1\n|\n|-heal|p1a: Primarina|100/100 brn|[from] item: Leftovers\n|-damage|p1a: Primarina|95/100 brn|[from] brn\n|upkeep\n|turn|13\n|\n|t:|1776768954\n|move|p2a: Mimikyu|Play Rough|p1a: Primarina|[miss]\n|-miss|p2a: Mimikyu|p1a: Primarina\n|move|p1a: Primarina|Draining Kiss|p2a: Mimikyu\n|-damage|p2a: Mimikyu|44/100\n|-heal|p1a: Primarina|100/100 brn|[from] drain|[of] p2a: Mimikyu\n|\n|-damage|p1a: Primarina|95/100 brn|[from] brn\n|upkeep\n|turn|14\n|\n|t:|1776768956\n|move|p2a: Mimikyu|Play Rough|p1a: Primarina\n|-damage|p1a: Primarina|26/100 brn\n|move|p1a: Primarina|Draining Kiss|p2a: Mimikyu\n|-damage|p2a: Mimikyu|0 fnt\n|-heal|p1a: Primarina|49/100 brn|[from] drain|[of] p2a: Mimikyu\n|faint|p2a: Mimikyu\n|\n|-heal|p1a: Primarina|55/100 brn|[from] item: Leftovers\n|-damage|p1a: Primarina|49/100 brn|[from] brn\n|upkeep\n|\n|t:|1776768959\n|switch|p2a: Skeledirge|Skeledirge, L50, F|100/100\n|turn|15\n|\n|t:|1776768962\n|move|p2a: Skeledirge|Hex|p1a: Primarina\n|-damage|p1a: Primarina|20/100 brn\n|move|p1a: Primarina|Sparkling Aria|p2a: Skeledirge\n|-supereffective|p2a: Skeledirge|1\n|-damage|p2a: Skeledirge|0 fnt\n|faint|p2a: Skeledirge\n|\n|win|Keyan_Sans\n|raw|Keyan_Sans's rating: 1342 &rarr; <strong>1363</strong><br />(+21 for winning)\n|raw|dyuros's rating: 1361 &rarr; <strong>1340</strong><br />(-21 for losing)\n", "uploadtime": 1776768965, "views": 3, "formatid": "gen9championsbssregma", "rating": 1340, "private": 0, "password": null}