{"id": "gen9championsbssregma-2593293250", "format": "[Gen 9 Champions] BSS Reg M-A", "players": ["Lunartul", "meteor1101"], "log": "|j|\u2606Lunartul\n|j|\u2606meteor1101\n|t:|1777067764\n|gametype|singles\n|player|p1|Lunartul|volkner|1240\n|player|p2|meteor1101|266|1440\n|gen|9\n|tier|[Gen 9 Champions] BSS Reg M-A\n|rated|\n|rule|Species Clause: Limit one of each Pok\u00e9mon\n|rule|Item Clause: Limit 1 of each item\n|clearpoke\n|poke|p1|Charizard, L50, M|\n|poke|p1|Hippowdon, L50, M|\n|poke|p1|Primarina, L50, F|\n|poke|p1|Meowscarada, L50, F|\n|poke|p1|Sneasler, L50, F|\n|poke|p1|Starmie, L50|\n|poke|p2|Kangaskhan, L50, F|\n|poke|p2|Garchomp, L50, M|\n|poke|p2|Primarina, L50, M|\n|poke|p2|Delphox, L50, M|\n|poke|p2|Meowscarada, L50, M|\n|poke|p2|Aegislash, L50, M|\n|teampreview|3\n|\n|t:|1777067811\n|teamsize|p1|3\n|teamsize|p2|3\n|start\n|switch|p1a: Meowscarada|Meowscarada, L50, F|100/100\n|switch|p2a: Meowscarada|Meowscarada, L50, M|100/100\n|turn|1\n|\n|t:|1777067822\n|move|p1a: Meowscarada|Play Rough|p2a: Meowscarada\n|-start|p1a: Meowscarada|typechange|Fairy|[from] ability: Protean\n|-supereffective|p2a: Meowscarada|1\n|-damage|p2a: Meowscarada|0 fnt\n|faint|p2a: Meowscarada\n|\n|upkeep\n|\n|t:|1777067828\n|switch|p2a: Delphox|Delphox, L50, M|100/100\n|turn|2\n|\n|t:|1777067832\n|switch|p1a: Hippowdon|Hippowdon, L50, M|100/100\n|-weather|Sandstorm|[from] ability: Sand Stream|[of] p1a: Hippowdon\n|detailschange|p2a: Delphox|Delphox-Mega, L50, M\n|-mega|p2a: Delphox|Delphox|Delphoxite\n|move|p2a: Delphox|Substitute|p2a: Delphox\n|-start|p2a: Delphox|Substitute\n|-damage|p2a: Delphox|76/100\n|\n|-weather|Sandstorm|[upkeep]\n|-damage|p2a: Delphox|70/100|[from] Sandstorm\n|upkeep\n|turn|3\n|inactive|Battle timer is ON: inactive players will automatically lose when time's up. (requested by meteor1101)\n|\n|t:|1777067871\n|move|p2a: Delphox|Flamethrower|p1a: Hippowdon\n|-damage|p1a: Hippowdon|40/100\n|move|p1a: Hippowdon|Stealth Rock|p2a: Delphox\n|-sidestart|p2: meteor1101|move: Stealth Rock\n|\n|-weather|Sandstorm|[upkeep]\n|-damage|p2a: Delphox|65/100|[from] Sandstorm\n|-heal|p1a: Hippowdon|46/100|[from] item: Leftovers\n|upkeep\n|turn|4\n|\n|t:|1777067889\n|move|p2a: Delphox|Flamethrower|p1a: Hippowdon\n|-damage|p1a: Hippowdon|0 fnt\n|faint|p1a: Hippowdon\n|\n|-weather|Sandstorm|[upkeep]\n|-damage|p2a: Delphox|59/100|[from] Sandstorm\n|upkeep\n|\n|t:|1777067897\n|switch|p1a: Meowscarada|Meowscarada, L50, F|100/100\n|turn|5\n|\n|t:|1777067904\n|move|p1a: Meowscarada|Knock Off|p2a: Delphox\n|-start|p1a: Meowscarada|typechange|Dark|[from] ability: Protean\n|-supereffective|p2a: Delphox|1\n|-end|p2a: Delphox|Substitute\n|move|p2a: Delphox|Flamethrower|p1a: Meowscarada\n|-damage|p1a: Meowscarada|14/100\n|\n|-weather|Sandstorm|[upkeep]\n|-damage|p1a: Meowscarada|8/100|[from] Sandstorm\n|-damage|p2a: Delphox|53/100|[from] Sandstorm\n|upkeep\n|turn|6\n|\n|t:|1777067916\n|move|p1a: Meowscarada|Knock Off|p2a: Delphox\n|-supereffective|p2a: Delphox|1\n|-damage|p2a: Delphox|0 fnt\n|faint|p2a: Delphox\n|\n|-weather|none\n|upkeep\n|\n|t:|1777067918\n|switch|p2a: Aegislash|Aegislash, L50, M|100/100\n|-damage|p2a: Aegislash|95/100|[from] Stealth Rock\n|turn|7\n|\n|t:|1777067926\n|move|p1a: Meowscarada|Knock Off|p2a: Aegislash\n|-supereffective|p2a: Aegislash|1\n|-damage|p2a: Aegislash|18/100\n|-enditem|p2a: Aegislash|Spell Tag|[from] move: Knock Off|[of] p1a: Meowscarada\n|move|p2a: Aegislash|Swords Dance|p2a: Aegislash\n|-boost|p2a: Aegislash|atk|2\n|\n|upkeep\n|turn|8\n|\n|t:|1777067933\n|-formechange|p2a: Aegislash|Aegislash-Blade|\n|move|p2a: Aegislash|Shadow Sneak|p1a: Meowscarada\n|-resisted|p1a: Meowscarada|1\n|-damage|p1a: Meowscarada|0 fnt\n|faint|p1a: Meowscarada\n|\n|upkeep\n|\n|t:|1777067937\n|switch|p1a: Sneasler|Sneasler, L50, F|100/100\n|turn|9\n|\n|t:|1777067944\n|move|p2a: Aegislash|Shadow Sneak|p1a: Sneasler\n|-damage|p1a: Sneasler|11/100\n|move|p1a: Sneasler|Throat Chop|p2a: Aegislash\n|-supereffective|p2a: Aegislash|1\n|-damage|p2a: Aegislash|0 fnt\n|faint|p2a: Aegislash\n|\n|win|Lunartul\n|raw|Lunartul's rating: 1240 &rarr; <strong>1278</strong><br />(+38 for winning)\n|raw|meteor1101's rating: 1440 &rarr; <strong>1410</strong><br />(-30 for losing)\n|l|\u2606meteor1101\n|player|p2|\n", "uploadtime": 1777067960, "views": 2, "formatid": "gen9championsbssregma", "rating": 1278, "private": 0, "password": null}