{"id": "gen9championsbssregma-2591392912", "format": "[Gen 9 Champions] BSS Reg M-A", "players": ["mroreo328", "Helloguyslol"], "log": "|j|\u2606mroreo328\n|j|\u2606Helloguyslol\n|t:|1776895176\n|gametype|singles\n|player|p1|mroreo328|youngster-gen4dp|1342\n|player|p2|Helloguyslol|unknown|1330\n|gen|9\n|tier|[Gen 9 Champions] BSS Reg M-A\n|rated|\n|rule|Species Clause: Limit one of each Pok\u00e9mon\n|rule|Item Clause: Limit 1 of each item\n|clearpoke\n|poke|p1|Clefable, L50, M, shiny|\n|poke|p1|Basculegion, L50, M|\n|poke|p1|Dragonite, L50, F, shiny|\n|poke|p1|Scovillain, L50, F|\n|poke|p1|Espathra, L50, F, shiny|\n|poke|p1|Corviknight, L50, M|\n|poke|p2|Hydreigon, L50, M|\n|poke|p2|Aegislash, L50, F|\n|poke|p2|Primarina, L50, M|\n|poke|p2|Rotom-Heat, L50|\n|poke|p2|Meganium, L50, M|\n|poke|p2|Froslass, L50, F|\n|teampreview|3\n|inactive|Battle timer is ON: inactive players will automatically lose when time's up. (requested by Helloguyslol)\n|inactive|mroreo328 also wants the timer to be on.\n|\n|t:|1776895205\n|teamsize|p1|3\n|teamsize|p2|3\n|start\n|switch|p1a: Dragonite|Dragonite, L50, F, shiny|100/100\n|switch|p2a: Hydreigon|Hydreigon, L50, M|100/100\n|turn|1\n|\n|t:|1776895223\n|move|p2a: Hydreigon|U-turn|p1a: Dragonite\n|-resisted|p1a: Dragonite|1\n|-damage|p1a: Dragonite|97/100\n|\n|t:|1776895226\n|switch|p2a: Primarina|Primarina, L50, M|100/100|[from] U-turn\n|move|p1a: Dragonite|Outrage|p2a: Primarina\n|-immune|p2a: Primarina\n|\n|upkeep\n|turn|2\n|\n|t:|1776895234\n|switch|p1a: Espathra|Espathra, L50, F, shiny|100/100\n|move|p2a: Primarina|Moonblast|p1a: Espathra\n|-damage|p1a: Espathra|23/100\n|\n|upkeep\n|turn|3\n|\n|t:|1776895245\n|move|p1a: Espathra|Protect|p1a: Espathra\n|-singleturn|p1a: Espathra|Protect\n|move|p2a: Primarina|Moonblast|p1a: Espathra\n|-activate|p1a: Espathra|move: Protect\n|\n|-ability|p1a: Espathra|Speed Boost|boost\n|-boost|p1a: Espathra|spe|1\n|upkeep\n|turn|4\n|\n|t:|1776895251\n|move|p1a: Espathra|Baton Pass|p1a: Espathra\n|\n|t:|1776895252\n|switch|p1a: Clefable|Clefable, L50, M, shiny|100/100|[from] Baton Pass\n|move|p2a: Primarina|Moonblast|p1a: Clefable\n|-damage|p1a: Clefable|52/100\n|\n|upkeep\n|turn|5\n|\n|t:|1776895263\n|move|p1a: Clefable|Cosmic Power|p1a: Clefable\n|-boost|p1a: Clefable|def|1\n|-boost|p1a: Clefable|spd|1\n|move|p2a: Primarina|Flip Turn|p1a: Clefable\n|-damage|p1a: Clefable|45/100\n|\n|t:|1776895269\n|switch|p2a: Froslass|Froslass, L50, F|100/100|[from] Flip Turn\n|\n|upkeep\n|turn|6\n|\n|t:|1776895280\n|detailschange|p2a: Froslass|Froslass-Mega, L50, F\n|-mega|p2a: Froslass|Froslass|Froslassite\n|-weather|Snowscape|[from] ability: Snow Warning|[of] p2a: Froslass\n|move|p2a: Froslass|Aurora Veil|p2a: Froslass\n|-sidestart|p2: Helloguyslol|move: Aurora Veil\n|move|p1a: Clefable|Stored Power|p2a: Froslass\n|-damage|p2a: Froslass|90/100\n|\n|-weather|Snowscape|[upkeep]\n|upkeep\n|turn|7\n|\n|t:|1776895288\n|move|p2a: Froslass|Haze|p2a: Froslass\n|-clearallboost\n|move|p1a: Clefable|Moonlight|p1a: Clefable\n|-heal|p1a: Clefable|69/100\n|\n|-weather|Snowscape|[upkeep]\n|upkeep\n|turn|8\n|\n|t:|1776895295\n|switch|p1a: Espathra|Espathra, L50, F, shiny|23/100\n|move|p2a: Froslass|Blizzard|p1a: Espathra\n|-damage|p1a: Espathra|0 fnt\n|faint|p1a: Espathra\n|\n|-weather|Snowscape|[upkeep]\n|upkeep\n|\n|t:|1776895299\n|switch|p1a: Clefable|Clefable, L50, M, shiny|69/100\n|turn|9\n|\n|t:|1776895301\n|move|p2a: Froslass|Blizzard|p1a: Clefable\n|-damage|p1a: Clefable|15/100\n|move|p1a: Clefable|Cosmic Power|p1a: Clefable\n|-boost|p1a: Clefable|def|1\n|-boost|p1a: Clefable|spd|1\n|\n|-weather|Snowscape|[upkeep]\n|upkeep\n|turn|10\n|\n|t:|1776895305\n|move|p2a: Froslass|Shadow Ball|p1a: Clefable\n|-crit|p1a: Clefable\n|-damage|p1a: Clefable|0 fnt\n|faint|p1a: Clefable\n|\n|-weather|none\n|-sideend|p2: Helloguyslol|move: Aurora Veil\n|upkeep\n|\n|t:|1776895308\n|switch|p1a: Dragonite|Dragonite, L50, F, shiny|97/100\n|turn|11\n|\n|t:|1776895314\n|switch|p2a: Primarina|Primarina, L50, M|100/100\n|move|p1a: Dragonite|Dragon Dance|p1a: Dragonite\n|-boost|p1a: Dragonite|atk|1\n|-boost|p1a: Dragonite|spe|1\n|\n|upkeep\n|turn|12\n|\n|t:|1776895319\n|move|p1a: Dragonite|Earthquake|p2a: Primarina\n|-damage|p2a: Primarina|34/100\n|-enditem|p2a: Primarina|Sitrus Berry|[eat]\n|-heal|p2a: Primarina|59/100|[from] item: Sitrus Berry\n|move|p2a: Primarina|Moonblast|p1a: Dragonite\n|-supereffective|p1a: Dragonite|1\n|-damage|p1a: Dragonite|0 fnt\n|faint|p1a: Dragonite\n|\n|win|Helloguyslol\n|raw|mroreo328's rating: 1342 &rarr; <strong>1322</strong><br />(-20 for losing)\n|raw|Helloguyslol's rating: 1344 &rarr; <strong>1364</strong><br />(+20 for winning)\n|l|\u2606mroreo328\n|player|p1|\n", "uploadtime": 1776895347, "views": 10, "formatid": "gen9championsbssregma", "rating": 1322, "private": 0, "password": null}