{"id": "gen9championsbssregma-2589721828", "format": "[Gen 9 Champions] BSS Reg M-A", "players": ["KevMev", "Dandin11"], "log": "|j|\u2606KevMev\n|j|\u2606Dandin11\n|t:|1776751816\n|gametype|singles\n|player|p1|KevMev|waiter-gen4|1304\n|player|p2|Dandin11|102|1328\n|gen|9\n|tier|[Gen 9 Champions] BSS Reg M-A\n|rated|\n|rule|Species Clause: Limit one of each Pok\u00e9mon\n|rule|Item Clause: Limit 1 of each item\n|clearpoke\n|poke|p1|Floette-Eternal, L50, F|\n|poke|p1|Archaludon, L50, M, shiny|\n|poke|p1|Gyarados, L50, M, shiny|\n|poke|p1|Mimikyu, L50, M|\n|poke|p1|Hydreigon, L50, M|\n|poke|p1|Sneasler, L50, M, shiny|\n|poke|p2|Greninja, L50, M, shiny|\n|poke|p2|Meowscarada, L50, M, shiny|\n|poke|p2|Delphox, L50, M, shiny|\n|poke|p2|Primarina, L50, F, shiny|\n|poke|p2|Kleavor, L50, M, shiny|\n|poke|p2|Archaludon, L50, F, shiny|\n|teampreview|3\n|\n|t:|1776751847\n|teamsize|p1|3\n|teamsize|p2|3\n|start\n|switch|p1a: Sneasler|Sneasler, L50, M, shiny|100/100\n|switch|p2a: Greninja|Greninja, L50, M, shiny|100/100\n|turn|1\n|inactive|Battle timer is ON: inactive players will automatically lose when time's up. (requested by Dandin11)\n|\n|t:|1776751881\n|switch|p2a: Archaludon|Archaludon, L50, F, shiny|100/100\n|move|p1a: Sneasler|Fake Out|p2a: Archaludon\n|-resisted|p2a: Archaludon|1\n|-damage|p2a: Archaludon|95/100\n|-ability|p2a: Archaludon|Stamina|boost\n|-boost|p2a: Archaludon|def|1\n|\n|upkeep\n|turn|2\n|\n|t:|1776751900\n|move|p1a: Sneasler|Close Combat|p2a: Archaludon\n|-supereffective|p2a: Archaludon|1\n|-damage|p2a: Archaludon|24/100\n|-unboost|p1a: Sneasler|def|1\n|-unboost|p1a: Sneasler|spd|1\n|-ability|p2a: Archaludon|Stamina|boost\n|-boost|p2a: Archaludon|def|1\n|move|p2a: Archaludon|Flash Cannon|p1a: Sneasler\n|-damage|p1a: Sneasler|11/100\n|\n|upkeep\n|turn|3\n|inactive|KevMev has 30 seconds left.\n|inactive|KevMev has 20 seconds left.\n|\n|t:|1776751936\n|move|p1a: Sneasler|Close Combat|p2a: Archaludon\n|-supereffective|p2a: Archaludon|1\n|-damage|p2a: Archaludon|0 fnt\n|-unboost|p1a: Sneasler|def|1\n|-unboost|p1a: Sneasler|spd|1\n|faint|p2a: Archaludon\n|\n|upkeep\n|\n|t:|1776751947\n|switch|p2a: Meowscarada|Meowscarada, L50, M, shiny|100/100\n|turn|4\n|\n|t:|1776751962\n|move|p2a: Meowscarada|U-turn|p1a: Sneasler\n|-start|p2a: Meowscarada|typechange|Bug|[from] ability: Protean\n|-resisted|p1a: Sneasler|2\n|-damage|p1a: Sneasler|0 fnt\n|faint|p1a: Sneasler\n|\n|t:|1776751969\n|switch|p2a: Greninja|Greninja, L50, M, shiny|100/100|[from] U-turn\n|\n|upkeep\n|\n|t:|1776751986\n|switch|p1a: Archaludon|Archaludon, L50, M, shiny|100/100\n|turn|5\n|\n|t:|1776751999\n|detailschange|p2a: Greninja|Greninja-Mega, L50, M, shiny\n|-mega|p2a: Greninja|Greninja|Greninjite\n|move|p2a: Greninja|Dark Pulse|p1a: Archaludon\n|-start|p2a: Greninja|typechange|Dark|[from] ability: Protean\n|-damage|p1a: Archaludon|38/100\n|move|p1a: Archaludon|Thunderbolt|p2a: Greninja\n|-damage|p2a: Greninja|50/100\n|\n|-heal|p1a: Archaludon|44/100|[from] item: Leftovers\n|upkeep\n|turn|6\n|\n|t:|1776752022\n|move|p2a: Greninja|Dark Pulse|p1a: Archaludon\n|-damage|p1a: Archaludon|0 fnt\n|faint|p1a: Archaludon\n|\n|upkeep\n|\n|t:|1776752024\n|switch|p1a: Mimikyu|Mimikyu, L50, M|100/100\n|turn|7\n|\n|t:|1776752036\n|move|p2a: Greninja|Sludge Wave|p1a: Mimikyu\n|-activate|p1a: Mimikyu|ability: Disguise\n|-damage|p1a: Mimikyu|100/100\n|detailschange|p1a: Mimikyu|Mimikyu-Busted, L50, M\n|-damage|p1a: Mimikyu|88/100|[from] pokemon: Mimikyu-Busted\n|move|p1a: Mimikyu|Play Rough|p2a: Greninja\n|-supereffective|p2a: Greninja|1\n|-damage|p2a: Greninja|0 fnt\n|faint|p2a: Greninja\n|\n|upkeep\n|\n|t:|1776752048\n|switch|p2a: Meowscarada|Meowscarada, L50, M, shiny|100/100\n|turn|8\n|\n|t:|1776752053\n|move|p2a: Meowscarada|Flower Trick|p1a: Mimikyu\n|-start|p2a: Meowscarada|typechange|Grass|[from] ability: Protean\n|-crit|p1a: Mimikyu\n|-damage|p1a: Mimikyu|13/100\n|move|p1a: Mimikyu|Play Rough|p2a: Meowscarada\n|-damage|p2a: Meowscarada|33/100\n|\n|upkeep\n|turn|9\n|\n|t:|1776752063\n|move|p1a: Mimikyu|Shadow Sneak|p2a: Meowscarada\n|-damage|p2a: Meowscarada|0 fnt\n|faint|p2a: Meowscarada\n|\n|win|KevMev\n|raw|KevMev's rating: 1287 &rarr; <strong>1315</strong><br />(+28 for winning)\n|raw|Dandin11's rating: 1328 &rarr; <strong>1306</strong><br />(-22 for losing)\n|l|\u2606Dandin11\n|player|p2|\n", "uploadtime": 1776752110, "views": 1, "formatid": "gen9championsbssregma", "rating": 1306, "private": 0, "password": null}