{"id": "gen9championsbssregma-2591365175", "format": "[Gen 9 Champions] BSS Reg M-A", "players": ["hijanu", "fredtherad"], "log": "|j|\u2606hijanu\n|j|\u2606fredtherad\n|t:|1776892802\n|gametype|singles\n|player|p1|hijanu|hilbert|1146\n|player|p2|fredtherad|lebanne|1215\n|gen|9\n|tier|[Gen 9 Champions] BSS Reg M-A\n|rated|\n|rule|Species Clause: Limit one of each Pok\u00e9mon\n|rule|Item Clause: Limit 1 of each item\n|clearpoke\n|poke|p1|Ceruledge, L50, F, shiny|\n|poke|p1|Rotom-Wash, L50, shiny|\n|poke|p1|Torterra, L50, M, shiny|\n|poke|p1|Archaludon, L50, M|\n|poke|p1|Slowking-Galar, L50, M, shiny|\n|poke|p1|Hydreigon, L50, F|\n|poke|p2|Bellibolt, L50, F|\n|poke|p2|Clefable, L50, M|\n|poke|p2|Meowscarada, L50, F|\n|poke|p2|Garchomp, L50, M|\n|poke|p2|Charizard, L50, F|\n|poke|p2|Aegislash, L50, F|\n|teampreview|3\n|\n|t:|1776892831\n|teamsize|p1|3\n|teamsize|p2|3\n|start\n|switch|p1a: Ceruledge|Ceruledge, L50, F, shiny|100/100\n|switch|p2a: Garchomp|Garchomp, L50, M|100/100\n|turn|1\n|l|\u2606hijanu\n|player|p1|\n|j|\u2606hijanu\n|player|p1|hijanu|hilbert|\n|\n|t:|1776892847\n|move|p1a: Ceruledge|Poltergeist|p2a: Garchomp\n|-activate|p2a: Garchomp|move: Poltergeist|Sitrus Berry\n|-damage|p2a: Garchomp|59/100\n|move|p2a: Garchomp|Rock Tomb|p1a: Ceruledge\n|-supereffective|p1a: Ceruledge|1\n|-damage|p1a: Ceruledge|52/100\n|-unboost|p1a: Ceruledge|spe|1\n|-ability|p1a: Ceruledge|Weak Armor|boost\n|-unboost|p1a: Ceruledge|def|1\n|-boost|p1a: Ceruledge|spe|2\n|\n|upkeep\n|turn|2\n|\n|t:|1776892873\n|move|p1a: Ceruledge|Bitter Blade|p2a: Garchomp\n|-resisted|p2a: Garchomp|1\n|-damage|p2a: Garchomp|42/100\n|-heal|p1a: Ceruledge|64/100|[from] drain|[of] p2a: Garchomp\n|-damage|p1a: Ceruledge|51/100|[from] ability: Rough Skin|[of] p2a: Garchomp\n|-enditem|p2a: Garchomp|Sitrus Berry|[eat]\n|-heal|p2a: Garchomp|67/100|[from] item: Sitrus Berry\n|move|p2a: Garchomp|Earthquake|p1a: Ceruledge\n|-supereffective|p1a: Ceruledge|1\n|-damage|p1a: Ceruledge|0 fnt\n|faint|p1a: Ceruledge\n|\n|upkeep\n|\n|t:|1776892888\n|switch|p1a: Hydreigon|Hydreigon, L50, F|100/100\n|turn|3\n|\n|t:|1776892897\n|move|p1a: Hydreigon|Draco Meteor|p2a: Garchomp\n|-supereffective|p2a: Garchomp|1\n|-damage|p2a: Garchomp|0 fnt\n|-unboost|p1a: Hydreigon|spa|2\n|faint|p2a: Garchomp\n|\n|upkeep\n|\n|t:|1776892900\n|switch|p2a: Clefable|Clefable, L50, M|100/100\n|turn|4\n|\n|t:|1776892907\n|switch|p1a: Slowking|Slowking-Galar, L50, M, shiny|100/100\n|detailschange|p2a: Clefable|Clefable-Mega, L50, M\n|-mega|p2a: Clefable|Clefable|Clefablite\n|move|p2a: Clefable|Moonblast|p1a: Slowking\n|-resisted|p1a: Slowking|1\n|-damage|p1a: Slowking|78/100\n|\n|upkeep\n|turn|5\n|\n|t:|1776892920\n|switch|p2a: Meowscarada|Meowscarada, L50, F|100/100\n|move|p1a: Slowking|Sludge Wave|p2a: Meowscarada\n|-supereffective|p2a: Meowscarada|1\n|-damage|p2a: Meowscarada|0 fnt\n|faint|p2a: Meowscarada\n|\n|upkeep\n|\n|t:|1776892922\n|switch|p2a: Clefable|Clefable-Mega, L50, M|100/100\n|turn|6\n|\n|t:|1776892931\n|move|p2a: Clefable|Calm Mind|p2a: Clefable\n|-boost|p2a: Clefable|spa|1\n|-boost|p2a: Clefable|spd|1\n|move|p1a: Slowking|Sludge Wave|p2a: Clefable\n|-supereffective|p2a: Clefable|1\n|-damage|p2a: Clefable|44/100\n|\n|upkeep\n|turn|7\n|\n|t:|1776892941\n|move|p2a: Clefable|Calm Mind|p2a: Clefable\n|-boost|p2a: Clefable|spa|1\n|-boost|p2a: Clefable|spd|1\n|move|p1a: Slowking|Yawn|p2a: Clefable\n|move|p2a: Clefable|Yawn|p1a: Slowking|[from] ability: Magic Bounce\n|-start|p1a: Slowking|move: Yawn|[of] p2a: Clefable\n|\n|upkeep\n|turn|8\n|\n|t:|1776892959\n|move|p2a: Clefable|Moonlight|p2a: Clefable\n|-heal|p2a: Clefable|94/100\n|move|p1a: Slowking|Disable|p2a: Clefable\n|move|p2a: Clefable|Disable|p1a: Slowking|[from] ability: Magic Bounce\n|-start|p1a: Slowking|Disable|Disable\n|\n|-end|p1a: Slowking|move: Yawn|[silent]\n|-status|p1a: Slowking|slp\n|-enditem|p1a: Slowking|Lum Berry|[eat]\n|-curestatus|p1a: Slowking|slp|[msg]\n|upkeep\n|turn|9\n|\n|t:|1776892971\n|move|p2a: Clefable|Calm Mind|p2a: Clefable\n|-boost|p2a: Clefable|spa|1\n|-boost|p2a: Clefable|spd|1\n|move|p1a: Slowking|Sludge Wave|p2a: Clefable\n|-supereffective|p2a: Clefable|1\n|-damage|p2a: Clefable|58/100\n|\n|upkeep\n|turn|10\n|\n|t:|1776892979\n|move|p2a: Clefable|Moonblast|p1a: Slowking\n|-resisted|p1a: Slowking|1\n|-damage|p1a: Slowking|26/100\n|move|p1a: Slowking|Sludge Wave|p2a: Clefable\n|-supereffective|p2a: Clefable|1\n|-damage|p2a: Clefable|27/100\n|\n|upkeep\n|turn|11\n|\n|t:|1776892987\n|move|p2a: Clefable|Moonlight|p2a: Clefable\n|-heal|p2a: Clefable|77/100\n|move|p1a: Slowking|Sludge Wave|p2a: Clefable\n|-supereffective|p2a: Clefable|1\n|-crit|p2a: Clefable\n|-damage|p2a: Clefable|0 fnt\n|faint|p2a: Clefable\n|\n|win|hijanu\n|raw|hijanu's rating: 1146 &rarr; <strong>1176</strong><br />(+30 for winning)\n|raw|fredtherad's rating: 1215 &rarr; <strong>1185</strong><br />(-30 for losing)\n|l|\u2606fredtherad\n|player|p2|\n", "uploadtime": 1776893003, "views": 4, "formatid": "gen9championsbssregma", "rating": 1176, "private": 0, "password": null}