{"id": "gen9championsbssregma-2589623516", "format": "[Gen 9 Champions] BSS Reg M-A", "players": ["Gshs5", "miojinhoo"], "log": "|j|\u2606Gshs5\n|j|\u2606miojinhoo\n|t:|1776740256\n|gametype|singles\n|player|p1|Gshs5|169|1174\n|player|p2|miojinhoo|sabrina|1186\n|gen|9\n|tier|[Gen 9 Champions] BSS Reg M-A\n|rated|\n|rule|Species Clause: Limit one of each Pok\u00e9mon\n|rule|Item Clause: Limit 1 of each item\n|clearpoke\n|poke|p1|Venusaur, L50, F|\n|poke|p1|Hippowdon, L50, M|\n|poke|p1|Aegislash, L50, F|\n|poke|p1|Rotom-Wash, L50|\n|poke|p1|Sylveon, L50, F|\n|poke|p1|Altaria, L50, M|\n|poke|p2|Vivillon, L50, M|\n|poke|p2|Mamoswine, L50, M|\n|poke|p2|Basculegion, L50, M|\n|poke|p2|Dragonite, L50, M, shiny|\n|poke|p2|Gallade, L50, M|\n|poke|p2|Lucario, L50, M|\n|teampreview|3\n|inactive|Battle timer is ON: inactive players will automatically lose when time's up. (requested by miojinhoo)\n|\n|t:|1776740285\n|teamsize|p1|3\n|teamsize|p2|3\n|start\n|switch|p1a: Rotom|Rotom-Wash, L50|100/100\n|switch|p2a: Mamoswine|Mamoswine, L50, M|100/100\n|turn|1\n|\n|t:|1776740294\n|move|p1a: Rotom|Will-O-Wisp|p2a: Mamoswine\n|-status|p2a: Mamoswine|brn\n|move|p2a: Mamoswine|Stone Edge|p1a: Rotom\n|-damage|p1a: Rotom|86/100\n|\n|-heal|p1a: Rotom|92/100|[from] item: Leftovers\n|-damage|p2a: Mamoswine|95/100 brn|[from] brn\n|upkeep\n|turn|2\n|\n|t:|1776740306\n|switch|p2a: Lucario|Lucario, L50, M|100/100\n|move|p1a: Rotom|Hydro Pump|p2a: Lucario\n|-damage|p2a: Lucario|41/100\n|\n|-heal|p1a: Rotom|97/100|[from] item: Leftovers\n|upkeep\n|turn|3\n|\n|t:|1776740320\n|detailschange|p2a: Lucario|Lucario-Mega, L50, M\n|-mega|p2a: Lucario|Lucario|Lucarionite\n|move|p2a: Lucario|Aura Sphere|p1a: Rotom\n|-damage|p1a: Rotom|30/100\n|move|p1a: Rotom|Hydro Pump|p2a: Lucario\n|-damage|p2a: Lucario|0 fnt\n|faint|p2a: Lucario\n|\n|-heal|p1a: Rotom|36/100|[from] item: Leftovers\n|upkeep\n|\n|t:|1776740342\n|switch|p2a: Vivillon|Vivillon, L50, M|100/100\n|turn|4\n|\n|t:|1776740364\n|move|p2a: Vivillon|Sleep Powder|p1a: Rotom\n|-status|p1a: Rotom|slp|[from] move: Sleep Powder\n|cant|p1a: Rotom|slp\n|\n|-heal|p1a: Rotom|41/100 slp|[from] item: Leftovers\n|upkeep\n|turn|5\n|\n|t:|1776740368\n|switch|p1a: Sylveon|Sylveon, L50, F|100/100\n|move|p2a: Vivillon|Quiver Dance|p2a: Vivillon\n|-boost|p2a: Vivillon|spa|1\n|-boost|p2a: Vivillon|spd|1\n|-boost|p2a: Vivillon|spe|1\n|\n|upkeep\n|turn|6\n|\n|t:|1776740374\n|move|p2a: Vivillon|Hurricane|p1a: Sylveon\n|-damage|p1a: Sylveon|51/100\n|-start|p1a: Sylveon|confusion\n|-activate|p1a: Sylveon|confusion\n|move|p1a: Sylveon|Mystical Fire|p2a: Vivillon\n|-supereffective|p2a: Vivillon|1\n|-damage|p2a: Vivillon|49/100\n|-unboost|p2a: Vivillon|spa|1\n|\n|upkeep\n|turn|7\n|\n|t:|1776740384\n|switch|p1a: Rotom|Rotom-Wash, L50|41/100 slp\n|move|p2a: Vivillon|Hurricane|p1a: Rotom\n|-resisted|p1a: Rotom|1\n|-damage|p1a: Rotom|18/100 slp\n|\n|-heal|p1a: Rotom|23/100 slp|[from] item: Leftovers\n|upkeep\n|turn|8\n|inactive|miojinhoo has 30 seconds left.\n|\n|t:|1776740412\n|move|p2a: Vivillon|Hurricane|p1a: Rotom\n|-resisted|p1a: Rotom|1\n|-damage|p1a: Rotom|1/100 slp\n|cant|p1a: Rotom|slp\n|\n|-heal|p1a: Rotom|7/100 slp|[from] item: Leftovers\n|upkeep\n|turn|9\n|\n|t:|1776740416\n|move|p2a: Vivillon|Bug Buzz|p1a: Rotom\n|-damage|p1a: Rotom|0 fnt\n|faint|p1a: Rotom\n|\n|upkeep\n|\n|t:|1776740420\n|switch|p1a: Sylveon|Sylveon, L50, F|51/100\n|turn|10\n|\n|t:|1776740428\n|move|p2a: Vivillon|Sleep Powder|p1a: Sylveon\n|-status|p1a: Sylveon|slp|[from] move: Sleep Powder\n|-enditem|p1a: Sylveon|Chesto Berry|[eat]\n|-curestatus|p1a: Sylveon|slp|[msg]\n|move|p1a: Sylveon|Mystical Fire|p2a: Vivillon\n|-supereffective|p2a: Vivillon|1\n|-damage|p2a: Vivillon|0 fnt\n|faint|p2a: Vivillon\n|\n|upkeep\n|\n|t:|1776740433\n|switch|p2a: Mamoswine|Mamoswine, L50, M|95/100 brn\n|turn|11\n|\n|t:|1776740442\n|move|p2a: Mamoswine|Icicle Spear|p1a: Sylveon\n|-damage|p1a: Sylveon|44/100\n|-damage|p1a: Sylveon|35/100\n|-damage|p1a: Sylveon|27/100\n|-damage|p1a: Sylveon|19/100\n|-damage|p1a: Sylveon|11/100\n|-hitcount|p1a: Sylveon|5\n|move|p1a: Sylveon|Hyper Voice|p2a: Mamoswine\n|-damage|p2a: Mamoswine|35/100 brn\n|\n|-damage|p2a: Mamoswine|29/100 brn|[from] brn\n|upkeep\n|turn|12\n|\n|t:|1776740455\n|move|p2a: Mamoswine|Ice Shard|p1a: Sylveon\n|-damage|p1a: Sylveon|0 fnt\n|faint|p1a: Sylveon\n|\n|-damage|p2a: Mamoswine|23/100 brn|[from] brn\n|upkeep\n|\n|t:|1776740460\n|switch|p1a: Altaria|Altaria, L50, M|100/100\n|-ability|p1a: Altaria|Cloud Nine\n|turn|13\n|\n|t:|1776740467\n|detailschange|p1a: Altaria|Altaria-Mega, L50, M\n|-mega|p1a: Altaria|Altaria|Altarianite\n|move|p2a: Mamoswine|Ice Shard|p1a: Altaria\n|-supereffective|p1a: Altaria|1\n|-damage|p1a: Altaria|72/100\n|move|p1a: Altaria|Double-Edge|p2a: Mamoswine\n|-damage|p2a: Mamoswine|0 fnt\n|faint|p2a: Mamoswine\n|-damage|p1a: Altaria|61/100|[from] Recoil\n|\n|win|Gshs5\n|raw|Gshs5's rating: 1174 &rarr; <strong>1200</strong><br />(+26 for winning)\n|raw|miojinhoo's rating: 1186 &rarr; <strong>1160</strong><br />(-26 for losing)\n", "uploadtime": 1776740471, "views": 2, "formatid": "gen9championsbssregma", "rating": 1160, "private": 0, "password": null}