{"id": "gen9championsbssregma-2593594048", "format": "[Gen 9 Champions] BSS Reg M-A", "players": ["tomdog9527", "forker1112"], "log": "|j|\u2606tomdog9527\n|j|\u2606forker1112\n|t:|1777102143\n|gametype|singles\n|player|p1|tomdog9527|169|1328\n|player|p2|forker1112|acetrainerf-gen4dp|1359\n|gen|9\n|tier|[Gen 9 Champions] BSS Reg M-A\n|rated|\n|rule|Species Clause: Limit one of each Pok\u00e9mon\n|rule|Item Clause: Limit 1 of each item\n|clearpoke\n|poke|p1|Skeledirge, L50, M|\n|poke|p1|Meganium, L50, M|\n|poke|p1|Slurpuff, L50, F|\n|poke|p1|Garchomp, L50, M|\n|poke|p1|Skarmory, L50, F|\n|poke|p1|Sharpedo, L50, F|\n|poke|p2|Victreebel, L50, F|\n|poke|p2|Garchomp, L50, F|\n|poke|p2|Samurott-Hisui, L50, M|\n|poke|p2|Floette-Eternal, L50, F|\n|poke|p2|Empoleon, L50, M|\n|poke|p2|Volcarona, L50, F|\n|teampreview|3\n|inactive|Battle timer is ON: inactive players will automatically lose when time's up. (requested by tomdog9527)\n|inactive|tomdog9527 has 60 seconds left.\n|inactive|forker1112 has 60 seconds left.\n|\n|t:|1777102188\n|teamsize|p1|3\n|teamsize|p2|3\n|start\n|switch|p1a: Slurpuff|Slurpuff, L50, F|100/100\n|switch|p2a: Volcarona|Volcarona, L50, F|100/100\n|turn|1\n|\n|t:|1777102199\n|move|p1a: Slurpuff|Surf|p2a: Volcarona\n|-supereffective|p2a: Volcarona|1\n|-damage|p2a: Volcarona|64/100\n|move|p2a: Volcarona|Quiver Dance|p2a: Volcarona\n|-boost|p2a: Volcarona|spa|1\n|-boost|p2a: Volcarona|spd|1\n|-boost|p2a: Volcarona|spe|1\n|\n|upkeep\n|turn|2\n|\n|t:|1777102218\n|move|p2a: Volcarona|Quiver Dance|p2a: Volcarona\n|-boost|p2a: Volcarona|spa|1\n|-boost|p2a: Volcarona|spd|1\n|-boost|p2a: Volcarona|spe|1\n|move|p1a: Slurpuff|Surf|p2a: Volcarona\n|-supereffective|p2a: Volcarona|1\n|-damage|p2a: Volcarona|48/100\n|-enditem|p2a: Volcarona|Sitrus Berry|[eat]\n|-heal|p2a: Volcarona|73/100|[from] item: Sitrus Berry\n|\n|upkeep\n|turn|3\n|\n|t:|1777102232\n|move|p2a: Volcarona|Giga Drain|p1a: Slurpuff\n|-damage|p1a: Slurpuff|34/100\n|-heal|p2a: Volcarona|100/100|[from] drain|[of] p1a: Slurpuff\n|-enditem|p1a: Slurpuff|Sitrus Berry|[eat]\n|-heal|p1a: Slurpuff|59/100|[from] item: Sitrus Berry\n|move|p1a: Slurpuff|Surf|p2a: Volcarona\n|-supereffective|p2a: Volcarona|1\n|-damage|p2a: Volcarona|83/100\n|\n|upkeep\n|turn|4\n|\n|t:|1777102241\n|move|p1a: Slurpuff|Misty Explosion|p2a: Volcarona\n|-resisted|p2a: Volcarona|1\n|-damage|p2a: Volcarona|76/100\n|faint|p1a: Slurpuff\n|move|p2a: Volcarona|Giga Drain|p1: Slurpuff|[notarget]\n|-fail|p2a: Volcarona\n|\n|upkeep\n|\n|t:|1777102247\n|switch|p1a: Sharpedo|Sharpedo, L50, F|100/100\n|turn|5\n|\n|t:|1777102262\n|move|p2a: Volcarona|Giga Drain|p1a: Sharpedo\n|-supereffective|p1a: Sharpedo|1\n|-enditem|p1a: Sharpedo|Focus Sash\n|-damage|p1a: Sharpedo|1/100\n|-heal|p2a: Volcarona|100/100|[from] drain|[of] p1a: Sharpedo\n|move|p1a: Sharpedo|Crunch|p2a: Volcarona\n|-damage|p2a: Volcarona|47/100\n|-unboost|p2a: Volcarona|def|1\n|-status|p1a: Sharpedo|brn|[from] ability: Flame Body|[of] p2a: Volcarona\n|\n|-damage|p1a: Sharpedo|0 fnt|[from] brn\n|faint|p1a: Sharpedo\n|upkeep\n|-message|tomdog9527 forfeited.\n|\n|win|forker1112\n|raw|tomdog9527's rating: 1328 &rarr; <strong>1310</strong><br />(-18 for losing)\n|raw|forker1112's rating: 1359 &rarr; <strong>1377</strong><br />(+18 for winning)\n|l|\u2606tomdog9527\n|player|p1|\n", "uploadtime": 1777102280, "views": 9, "formatid": "gen9championsbssregma", "rating": 1310, "private": 0, "password": null}