{"id": "gen9championsbssregma-2589637098", "format": "[Gen 9 Champions] BSS Reg M-A", "players": ["2026412myyzzz", "DeaRubbish"], "log": "|j|\u26062026412myyzzz\n|j|\u2606DeaRubbish\n|t:|1776741665\n|gametype|singles\n|player|p1|2026412myyzzz|2|1432\n|player|p2|DeaRubbish|101|1332\n|gen|9\n|tier|[Gen 9 Champions] BSS Reg M-A\n|rated|\n|rule|Species Clause: Limit one of each Pok\u00e9mon\n|rule|Item Clause: Limit 1 of each item\n|clearpoke\n|poke|p1|Kangaskhan, L50, F|\n|poke|p1|Basculegion, L50, M|\n|poke|p1|Primarina, L50, M|\n|poke|p1|Garchomp, L50, F|\n|poke|p1|Aegislash, L50, M|\n|poke|p1|Dragonite, L50, M|\n|poke|p2|Garchomp, L50, F|\n|poke|p2|Gengar, L50, F|\n|poke|p2|Charizard, L50, F|\n|poke|p2|Primarina, L50, M|\n|poke|p2|Corviknight, L50, F|\n|poke|p2|Umbreon, L50, M|\n|teampreview|3\n|inactive|Battle timer is ON: inactive players will automatically lose when time's up. (requested by 2026412myyzzz)\n|j| huhyuhyuhyuh\n|inactive|DeaRubbish has 60 seconds left.\n|\n|t:|1776741705\n|teamsize|p1|3\n|teamsize|p2|3\n|start\n|switch|p1a: Dragonite|Dragonite, L50, M|100/100\n|switch|p2a: Primarina|Primarina, L50, M|100/100\n|turn|1\n|inactive|DeaRubbish has 30 seconds left.\n|\n|t:|1776741732\n|switch|p1a: Primarina|Primarina, L50, M|100/100\n|move|p2a: Primarina|Moonblast|p1a: Primarina\n|-damage|p1a: Primarina|61/100\n|\n|-heal|p1a: Primarina|67/100|[from] item: Leftovers\n|upkeep\n|turn|2\n|\n|t:|1776741740\n|move|p2a: Primarina|Moonblast|p1a: Primarina\n|-damage|p1a: Primarina|32/100\n|move|p1a: Primarina|Moonblast|p2a: Primarina\n|-damage|p2a: Primarina|68/100\n|\n|-heal|p1a: Primarina|38/100|[from] item: Leftovers\n|upkeep\n|turn|3\n|\n|t:|1776741751\n|move|p2a: Primarina|Moonblast|p1a: Primarina\n|-damage|p1a: Primarina|0 fnt\n|faint|p1a: Primarina\n|\n|upkeep\n|j| p74\n|\n|t:|1776741755\n|switch|p1a: Basculegion|Basculegion, L50, M|100/100\n|turn|4\n|\n|t:|1776741774\n|switch|p2a: Umbreon|Umbreon, L50, M|100/100\n|move|p1a: Basculegion|Last Respects|p2a: Umbreon\n|-resisted|p2a: Umbreon|1\n|-damage|p2a: Umbreon|78/100\n|\n|-heal|p2a: Umbreon|84/100|[from] item: Leftovers\n|upkeep\n|turn|5\n|inactive|DeaRubbish has 30 seconds left.\n|\n|t:|1776741801\n|move|p1a: Basculegion|Wave Crash|p2a: Umbreon\n|-damage|p2a: Umbreon|31/100\n|-damage|p1a: Basculegion|83/100|[from] Recoil\n|move|p2a: Umbreon|Yawn|p1a: Basculegion\n|-start|p1a: Basculegion|move: Yawn|[of] p2a: Umbreon\n|\n|-heal|p2a: Umbreon|37/100|[from] item: Leftovers\n|upkeep\n|turn|6\n|\n|t:|1776741824\n|switch|p1a: Dragonite|Dragonite, L50, M|100/100\n|move|p2a: Umbreon|Protect||[still]\n|-fail|p2a: Umbreon\n|\n|-heal|p2a: Umbreon|43/100|[from] item: Leftovers\n|upkeep\n|turn|7\n|\n|t:|1776741834\n|detailschange|p1a: Dragonite|Dragonite-Mega, L50, M\n|-mega|p1a: Dragonite|Dragonite|Dragoninite\n|move|p2a: Umbreon|Protect|p2a: Umbreon\n|-singleturn|p2a: Umbreon|Protect\n|move|p1a: Dragonite|Air Slash|p2a: Umbreon\n|-activate|p2a: Umbreon|move: Protect\n|\n|-heal|p2a: Umbreon|49/100|[from] item: Leftovers\n|upkeep\n|turn|8\n|\n|t:|1776741842\n|move|p1a: Dragonite|Air Slash|p2a: Umbreon\n|-damage|p2a: Umbreon|18/100\n|move|p2a: Umbreon|Yawn|p1a: Dragonite\n|-start|p1a: Dragonite|move: Yawn|[of] p2a: Umbreon\n|\n|-heal|p2a: Umbreon|24/100|[from] item: Leftovers\n|upkeep\n|turn|9\n|\n|t:|1776741849\n|switch|p1a: Basculegion|Basculegion, L50, M|83/100\n|move|p2a: Umbreon|Protect||[still]\n|-fail|p2a: Umbreon\n|\n|-heal|p2a: Umbreon|30/100|[from] item: Leftovers\n|upkeep\n|turn|10\n|\n|t:|1776741856\n|move|p2a: Umbreon|Protect|p2a: Umbreon\n|-singleturn|p2a: Umbreon|Protect\n|move|p1a: Basculegion|Wave Crash|p2a: Umbreon\n|-activate|p2a: Umbreon|move: Protect\n|\n|-heal|p2a: Umbreon|36/100|[from] item: Leftovers\n|upkeep\n|turn|11\n|\n|t:|1776741863\n|switch|p2a: Primarina|Primarina, L50, M|68/100\n|move|p1a: Basculegion|Wave Crash|p2a: Primarina\n|-resisted|p2a: Primarina|1\n|-damage|p2a: Primarina|13/100\n|-damage|p1a: Basculegion|65/100|[from] Recoil\n|\n|upkeep\n|turn|12\n|\n|t:|1776741875\n|move|p1a: Basculegion|Aqua Jet|p2a: Primarina\n|-resisted|p2a: Primarina|1\n|-damage|p2a: Primarina|0 fnt\n|faint|p2a: Primarina\n|\n|upkeep\n|\n|t:|1776741879\n|switch|p2a: Gengar|Gengar, L50, F|100/100\n|turn|13\n|\n|t:|1776741891\n|detailschange|p2a: Gengar|Gengar-Mega, L50, F\n|-mega|p2a: Gengar|Gengar|Gengarite\n|move|p1a: Basculegion|Aqua Jet|p2a: Gengar\n|-damage|p2a: Gengar|66/100\n|move|p2a: Gengar|Shadow Ball|p1a: Basculegion\n|-supereffective|p1a: Basculegion|1\n|-damage|p1a: Basculegion|0 fnt\n|faint|p1a: Basculegion\n|\n|upkeep\n|\n|t:|1776741896\n|switch|p1a: Dragonite|Dragonite-Mega, L50, M|100/100\n|turn|14\n|\n|t:|1776741901\n|move|p2a: Gengar|Destiny Bond|p2a: Gengar\n|-singlemove|p2a: Gengar|Destiny Bond\n|move|p1a: Dragonite|Air Slash|p2a: Gengar\n|-damage|p2a: Gengar|19/100\n|\n|upkeep\n|turn|15\n|\n|t:|1776741914\n|move|p2a: Gengar|Sludge Wave|p1a: Dragonite\n|-damage|p1a: Dragonite|79/100\n|move|p1a: Dragonite|Air Slash|p2a: Gengar\n|-damage|p2a: Gengar|0 fnt\n|faint|p2a: Gengar\n|\n|upkeep\n|\n|t:|1776741919\n|switch|p2a: Umbreon|Umbreon, L50, M|36/100\n|turn|16\n|\n|t:|1776741922\n|move|p2a: Umbreon|Protect|p2a: Umbreon\n|-singleturn|p2a: Umbreon|Protect\n|move|p1a: Dragonite|Air Slash|p2a: Umbreon\n|-activate|p2a: Umbreon|move: Protect\n|\n|-heal|p2a: Umbreon|42/100|[from] item: Leftovers\n|upkeep\n|turn|17\n|\n|t:|1776741929\n|move|p1a: Dragonite|Air Slash|p2a: Umbreon\n|-damage|p2a: Umbreon|7/100\n|cant|p2a: Umbreon|flinch\n|\n|-heal|p2a: Umbreon|13/100|[from] item: Leftovers\n|upkeep\n|turn|18\n|-message|DeaRubbish forfeited.\n|\n|win|2026412myyzzz\n|raw|2026412myyzzz's rating: 1432 &rarr; <strong>1446</strong><br />(+14 for winning)\n|raw|DeaRubbish's rating: 1332 &rarr; <strong>1318</strong><br />(-14 for losing)\n|l|\u2606DeaRubbish\n|player|p2|\n|l|\u26062026412myyzzz\n|player|p1|\n|l| huhyuhyuhyuh\n", "uploadtime": 1776741939, "views": 0, "formatid": "gen9championsbssregma", "rating": 1318, "private": 0, "password": null}