{"id": "gen9championsbssregma-2594428202", "format": "[Gen 9 Champions] BSS Reg M-A", "players": ["driflount drifloon", "TheLancargod"], "log": "|j|\u2606driflount drifloon\n|j|\u2606TheLancargod\n|t:|1777196373\n|gametype|singles\n|player|p1|driflount drifloon|brock|1196\n|player|p2|TheLancargod|170|1314\n|gen|9\n|tier|[Gen 9 Champions] BSS Reg M-A\n|rated|\n|rule|Species Clause: Limit one of each Pok\u00e9mon\n|rule|Item Clause: Limit 1 of each item\n|clearpoke\n|poke|p1|Espathra, L50, M|\n|poke|p1|Glimmora, L50, F|\n|poke|p1|Slowbro, L50, F|\n|poke|p1|Clefable, L50, F|\n|poke|p1|Corviknight, L50, M|\n|poke|p1|Incineroar, L50, M|\n|poke|p2|Gengar, L50, F|\n|poke|p2|Lopunny, L50, M|\n|poke|p2|Hatterene, L50, F|\n|poke|p2|Basculegion, L50, M|\n|poke|p2|Volcarona, L50, F|\n|poke|p2|Aerodactyl, L50, F|\n|teampreview|3\n|inactive|Battle timer is ON: inactive players will automatically lose when time's up. (requested by driflount drifloon)\n|inactive|driflount drifloon has 60 seconds left.\n|inactive|TheLancargod has 60 seconds left.\n|inactive|driflount drifloon has 30 seconds left.\n|\n|t:|1777196440\n|teamsize|p1|3\n|teamsize|p2|3\n|start\n|switch|p1a: Clefable|Clefable, L50, F|100/100\n|switch|p2a: Aerodactyl|Aerodactyl, L50, F|100/100\n|-ability|p2a: Aerodactyl|Unnerve\n|turn|1\n|\n|t:|1777196457\n|detailschange|p1a: Clefable|Clefable-Mega, L50, F\n|-mega|p1a: Clefable|Clefable|Clefablite\n|move|p2a: Aerodactyl|Taunt|p1a: Clefable\n|move|p1a: Clefable|Taunt|p2a: Aerodactyl|[from] ability: Magic Bounce\n|-start|p2a: Aerodactyl|move: Taunt\n|move|p1a: Clefable|Calm Mind|p1a: Clefable\n|-boost|p1a: Clefable|spa|1\n|-boost|p1a: Clefable|spd|1\n|\n|upkeep\n|turn|2\n|\n|t:|1777196465\n|move|p2a: Aerodactyl|Rock Tomb|p1a: Clefable\n|-supereffective|p1a: Clefable|1\n|-damage|p1a: Clefable|64/100\n|-unboost|p1a: Clefable|spe|1\n|move|p1a: Clefable|Draining Kiss|p2a: Aerodactyl\n|-damage|p2a: Aerodactyl|50/100g\n|-heal|p1a: Clefable|92/100|[from] drain|[of] p2a: Aerodactyl\n|\n|upkeep\n|turn|3\n|\n|t:|1777196480\n|switch|p2a: Gengar|Gengar, L50, F|100/100\n|move|p1a: Clefable|Baton Pass|p1a: Clefable\n|\n|t:|1777196497\n|switch|p1a: Espathra|Espathra, L50, M|100/100|[from] Baton Pass\n|\n|upkeep\n|turn|4\n|\n|t:|1777196509\n|detailschange|p2a: Gengar|Gengar-Mega, L50, F\n|-mega|p2a: Gengar|Gengar|Gengarite\n|move|p1a: Espathra|Protect|p1a: Espathra\n|-singleturn|p1a: Espathra|Protect\n|move|p2a: Gengar|Shadow Ball|p1a: Espathra\n|-activate|p1a: Espathra|move: Protect\n|\n|-ability|p1a: Espathra|Speed Boost|boost\n|-boost|p1a: Espathra|spe|1\n|upkeep\n|turn|5\n|\n|t:|1777196517\n|move|p2a: Gengar|Destiny Bond|p2a: Gengar\n|-singlemove|p2a: Gengar|Destiny Bond\n|move|p1a: Espathra|Lumina Crash|p2a: Gengar\n|-supereffective|p2a: Gengar|1\n|-damage|p2a: Gengar|0 fnt\n|faint|p2a: Gengar\n|-activate|p2a: Gengar|move: Destiny Bond\n|faint|p1a: Espathra\n|\n|upkeep\n|\n|t:|1777196528\n|switch|p2a: Volcarona|Volcarona, L50, F|100/100\n|switch|p1a: Incineroar|Incineroar, L50, M|100/100\n|-ability|p1a: Incineroar|Intimidate|boost\n|-unboost|p2a: Volcarona|atk|1\n|turn|6\n|\n|t:|1777196536\n|switch|p2a: Aerodactyl|Aerodactyl, L50, F|50/100g\n|-ability|p2a: Aerodactyl|Unnerve\n|move|p1a: Incineroar|Flame Charge|p2a: Aerodactyl\n|-resisted|p2a: Aerodactyl|1\n|-damage|p2a: Aerodactyl|33/100\n|-boost|p1a: Incineroar|spe|1\n|\n|upkeep\n|turn|7\n|\n|t:|1777196556\n|move|p2a: Aerodactyl|Rock Tomb|p1a: Incineroar|[miss]\n|-miss|p2a: Aerodactyl|p1a: Incineroar\n|move|p1a: Incineroar|Flame Charge|p2a: Aerodactyl\n|-resisted|p2a: Aerodactyl|1\n|-damage|p2a: Aerodactyl|14/100\n|-boost|p1a: Incineroar|spe|1\n|\n|upkeep\n|turn|8\n|c|\u2606driflount drifloon|lame\n|\n|t:|1777196567\n|move|p2a: Aerodactyl|Rock Tomb|p1a: Incineroar\n|-supereffective|p1a: Incineroar|1\n|-damage|p1a: Incineroar|45/100\n|-unboost|p1a: Incineroar|spe|1\n|move|p1a: Incineroar|Flame Charge|p2a: Aerodactyl\n|-resisted|p2a: Aerodactyl|1\n|-damage|p2a: Aerodactyl|0 fnt\n|-boost|p1a: Incineroar|spe|1\n|faint|p2a: Aerodactyl\n|\n|upkeep\n|\n|t:|1777196574\n|switch|p2a: Volcarona|Volcarona, L50, F|100/100\n|turn|9\n|\n|t:|1777196578\n|move|p1a: Incineroar|Bulk Up|p1a: Incineroar\n|-boost|p1a: Incineroar|atk|1\n|-boost|p1a: Incineroar|def|1\n|move|p2a: Volcarona|Quiver Dance|p2a: Volcarona\n|-boost|p2a: Volcarona|spa|1\n|-boost|p2a: Volcarona|spd|1\n|-boost|p2a: Volcarona|spe|1\n|\n|upkeep\n|turn|10\n|\n|t:|1777196593\n|move|p2a: Volcarona|Quiver Dance|p2a: Volcarona\n|-boost|p2a: Volcarona|spa|1\n|-boost|p2a: Volcarona|spd|1\n|-boost|p2a: Volcarona|spe|1\n|move|p1a: Incineroar|Power Trip|p2a: Volcarona\n|-damage|p2a: Volcarona|40/100\n|-enditem|p2a: Volcarona|Sitrus Berry|[eat]\n|-heal|p2a: Volcarona|65/100|[from] item: Sitrus Berry\n|\n|upkeep\n|turn|11\n|\n|t:|1777196606\n|move|p2a: Volcarona|Giga Drain|p1a: Incineroar\n|-resisted|p1a: Incineroar|1\n|-damage|p1a: Incineroar|30/100\n|-heal|p2a: Volcarona|73/100|[from] drain|[of] p1a: Incineroar\n|move|p1a: Incineroar|Power Trip|p2a: Volcarona\n|-damage|p2a: Volcarona|10/100\n|\n|upkeep\n|turn|12\n|\n|t:|1777196614\n|move|p2a: Volcarona|Fiery Dance|p1a: Incineroar\n|-resisted|p1a: Incineroar|1\n|-damage|p1a: Incineroar|5/100\n|-boost|p2a: Volcarona|spa|1\n|move|p1a: Incineroar|Power Trip|p2a: Volcarona\n|-damage|p2a: Volcarona|0 fnt\n|faint|p2a: Volcarona\n|\n|win|driflount drifloon\n|raw|driflount drifloon's rating: 1196 &rarr; <strong>1229</strong><br />(+33 for winning)\n|raw|TheLancargod's rating: 1314 &rarr; <strong>1287</strong><br />(-27 for losing)\n|l|\u2606TheLancargod\n|player|p2|\n", "uploadtime": 1777196628, "views": 4, "formatid": "gen9championsbssregma", "rating": 1229, "private": 0, "password": null}