{"id": "gen9championsbssregma-2592085156", "format": "[Gen 9 Champions] BSS Reg M-A", "players": ["khadijadu75", "G0d_OfMars20"], "log": "|j|\u2606khadijadu75\n|j|\u2606G0d_OfMars20\n|t:|1776962410\n|gametype|singles\n|player|p1|khadijadu75|unknownf|1182\n|player|p2|G0d_OfMars20|chili|1304\n|gen|9\n|tier|[Gen 9 Champions] BSS Reg M-A\n|rated|\n|rule|Species Clause: Limit one of each Pok\u00e9mon\n|rule|Item Clause: Limit 1 of each item\n|clearpoke\n|poke|p1|Chimecho, L50, F|\n|poke|p1|Empoleon, L50, F|\n|poke|p1|Lucario, L50, F|\n|poke|p1|Aegislash, L50, M|\n|poke|p1|Goodra-Hisui, L50, F|\n|poke|p1|Kingambit, L50, F|\n|poke|p2|Charizard, L50, M, shiny|\n|poke|p2|Hatterene, L50, F|\n|poke|p2|Toxapex, L50, M, shiny|\n|poke|p2|Quaquaval, L50, M, shiny|\n|poke|p2|Corviknight, L50, F, shiny|\n|poke|p2|Garchomp, L50, F, shiny|\n|teampreview|3\n|inactive|Battle timer is ON: inactive players will automatically lose when time's up. (requested by G0d_OfMars20)\n|inactive|khadijadu75 has 60 seconds left.\n|\n|t:|1776962456\n|teamsize|p1|3\n|teamsize|p2|3\n|start\n|switch|p1a: Empoleon|Empoleon, L50, F|100/100\n|switch|p2a: Garchomp|Garchomp, L50, F, shiny|100/100\n|turn|1\n|\n|t:|1776962469\n|move|p2a: Garchomp|Earthquake|p1a: Empoleon\n|-supereffective|p1a: Empoleon|1\n|-damage|p1a: Empoleon|15/100\n|move|p1a: Empoleon|Ice Beam|p2a: Garchomp\n|-supereffective|p2a: Garchomp|2\n|-damage|p2a: Garchomp|11/100\n|\n|upkeep\n|turn|2\n|\n|t:|1776962477\n|switch|p1a: Chimecho|Chimecho, L50, F|100/100\n|move|p2a: Garchomp|Earthquake|p1a: Chimecho\n|-immune|p1a: Chimecho|[from] ability: Levitate\n|\n|upkeep\n|turn|3\n|\n|t:|1776962484\n|detailschange|p1a: Chimecho|Chimecho-Mega, L50, F\n|-mega|p1a: Chimecho|Chimecho|Chimechite\n|move|p2a: Garchomp|Spikes|p1a: Chimecho\n|-sidestart|p1: khadijadu75|Spikes\n|move|p1a: Chimecho|Charm|p2a: Garchomp\n|-unboost|p2a: Garchomp|atk|2\n|\n|upkeep\n|turn|4\n|\n|t:|1776962489\n|move|p2a: Garchomp|Spikes|p1a: Chimecho\n|-sidestart|p1: khadijadu75|Spikes\n|move|p1a: Chimecho|Calm Mind|p1a: Chimecho\n|-boost|p1a: Chimecho|spa|1\n|-boost|p1a: Chimecho|spd|1\n|\n|upkeep\n|turn|5\n|\n|t:|1776962495\n|move|p2a: Garchomp|Spikes|p1a: Chimecho\n|-sidestart|p1: khadijadu75|Spikes\n|move|p1a: Chimecho|Calm Mind|p1a: Chimecho\n|-boost|p1a: Chimecho|spa|1\n|-boost|p1a: Chimecho|spd|1\n|\n|upkeep\n|turn|6\n|\n|t:|1776962499\n|move|p2a: Garchomp|Stealth Rock|p1a: Chimecho\n|-sidestart|p1: khadijadu75|move: Stealth Rock\n|move|p1a: Chimecho|Stored Power|p2a: Garchomp\n|-damage|p2a: Garchomp|0 fnt\n|faint|p2a: Garchomp\n|\n|upkeep\n|\n|t:|1776962501\n|switch|p2a: Charizard|Charizard, L50, M, shiny|100/100\n|turn|7\n|\n|t:|1776962508\n|detailschange|p2a: Charizard|Charizard-Mega-X, L50, M, shiny\n|-mega|p2a: Charizard|Charizard|Charizardite X\n|move|p2a: Charizard|Flare Blitz|p1a: Chimecho\n|-supereffective|p1a: Chimecho|1\n|-damage|p1a: Chimecho|0 fnt\n|faint|p1a: Chimecho\n|-damage|p2a: Charizard|68/100|[from] Recoil\n|\n|upkeep\n|\n|t:|1776962514\n|switch|p1a: Goodra|Goodra-Hisui, L50, F|100/100\n|-damage|p1a: Goodra|76/100|[from] Spikes\n|-damage|p1a: Goodra|70/100|[from] Stealth Rock\n|turn|8\n|-message|khadijadu75 forfeited.\n|\n|win|G0d_OfMars20\n|raw|khadijadu75's rating: 1182 &rarr; <strong>1165</strong><br />(-17 for losing)\n|raw|G0d_OfMars20's rating: 1304 &rarr; <strong>1317</strong><br />(+13 for winning)\n|l|\u2606khadijadu75\n|player|p1|\n|l|\u2606G0d_OfMars20\n|player|p2|\n|j|\u2606khadijadu75\n|player|p1|khadijadu75|unknownf|\n", "uploadtime": 1776962823, "views": 4, "formatid": "gen9championsbssregma", "rating": 1165, "private": 0, "password": null}