{"id": "gen9championsbssregma-2594392957", "format": "[Gen 9 Champions] BSS Reg M-A", "players": ["388737dgtgt", "korosuke"], "log": "|j|\u2606388737dgtgt\n|j|\u2606korosuke\n|t:|1777190765\n|gametype|singles\n|player|p1|388737dgtgt|101|1313\n|player|p2|korosuke|erika|1391\n|gen|9\n|tier|[Gen 9 Champions] BSS Reg M-A\n|rated|\n|rule|Species Clause: Limit one of each Pok\u00e9mon\n|rule|Item Clause: Limit 1 of each item\n|clearpoke\n|poke|p1|Pelipper, L50, F|\n|poke|p1|Archaludon, L50, M|\n|poke|p1|Whimsicott, L50, M|\n|poke|p1|Scizor, L50, M|\n|poke|p1|Glimmora, L50, F|\n|poke|p1|Starmie, L50|\n|poke|p2|Samurott-Hisui, L50, F|\n|poke|p2|Garchomp, L50, M|\n|poke|p2|Dragonite, L50, M|\n|poke|p2|Scizor, L50, F|\n|poke|p2|Archaludon, L50, F|\n|poke|p2|Espathra, L50, M|\n|teampreview|3\n|inactive|Battle timer is ON: inactive players will automatically lose when time's up. (requested by korosuke)\n|inactive|388737dgtgt has 60 seconds left.\n|\n|t:|1777190821\n|teamsize|p1|3\n|teamsize|p2|3\n|start\n|switch|p1a: Glimmora|Glimmora, L50, F|100/100\n|switch|p2a: Espathra|Espathra, L50, M|100/100\n|turn|1\n|\n|t:|1777190826\n|move|p1a: Glimmora|Stealth Rock|p2a: Espathra\n|-sidestart|p2: korosuke|move: Stealth Rock\n|move|p2a: Espathra|Lumina Crash|p1a: Glimmora\n|-supereffective|p1a: Glimmora|1\n|-enditem|p1a: Glimmora|Focus Sash\n|-damage|p1a: Glimmora|1/100\n|-unboost|p1a: Glimmora|spd|2\n|\n|-ability|p2a: Espathra|Speed Boost|boost\n|-boost|p2a: Espathra|spe|1\n|upkeep\n|turn|2\n|\n|t:|1777190834\n|move|p2a: Espathra|Lumina Crash|p1a: Glimmora\n|-supereffective|p1a: Glimmora|1\n|-damage|p1a: Glimmora|0 fnt\n|faint|p1a: Glimmora\n|\n|-ability|p2a: Espathra|Speed Boost|boost\n|-boost|p2a: Espathra|spe|1\n|upkeep\n|\n|t:|1777190835\n|switch|p1a: Scizor|Scizor, L50, M|100/100\n|turn|3\n|\n|t:|1777190838\n|detailschange|p1a: Scizor|Scizor-Mega, L50, M\n|-mega|p1a: Scizor|Scizor|Scizorite\n|move|p2a: Espathra|Feather Dance|p1a: Scizor\n|-unboost|p1a: Scizor|atk|2\n|move|p1a: Scizor|Knock Off|p2a: Espathra\n|-supereffective|p2a: Espathra|1\n|-damage|p2a: Espathra|52/100\n|-enditem|p2a: Espathra|Kasib Berry|[from] move: Knock Off|[of] p1a: Scizor\n|\n|-ability|p2a: Espathra|Speed Boost|boost\n|-boost|p2a: Espathra|spe|1\n|upkeep\n|turn|4\n|\n|t:|1777190854\n|move|p2a: Espathra|Calm Mind|p2a: Espathra\n|-boost|p2a: Espathra|spa|1\n|-boost|p2a: Espathra|spd|1\n|move|p1a: Scizor|U-turn|p2a: Espathra\n|-supereffective|p2a: Espathra|1\n|-damage|p2a: Espathra|5/100\n|\n|t:|1777190856\n|switch|p1a: Whimsicott|Whimsicott, L50, M|100/100|[from] U-turn\n|\n|-ability|p2a: Espathra|Speed Boost|boost\n|-boost|p2a: Espathra|spe|1\n|upkeep\n|turn|5\n|\n|t:|1777190858\n|move|p1a: Whimsicott|Encore|p2a: Espathra\n|-start|p2a: Espathra|Encore\n|move|p2a: Espathra|Calm Mind|p2a: Espathra\n|-boost|p2a: Espathra|spa|1\n|-boost|p2a: Espathra|spd|1\n|\n|-ability|p2a: Espathra|Speed Boost|boost\n|-boost|p2a: Espathra|spe|1\n|upkeep\n|turn|6\n|\n|t:|1777190862\n|switch|p2a: Archaludon|Archaludon, L50, F|100/100\n|-damage|p2a: Archaludon|93/100|[from] Stealth Rock\n|move|p1a: Whimsicott|Substitute|p1a: Whimsicott\n|-start|p1a: Whimsicott|Substitute\n|-damage|p1a: Whimsicott|75/100\n|\n|-heal|p1a: Whimsicott|81/100|[from] item: Leftovers\n|upkeep\n|turn|7\n|\n|t:|1777190865\n|move|p1a: Whimsicott|Leech Seed|p2a: Archaludon\n|-start|p2a: Archaludon|move: Leech Seed\n|move|p2a: Archaludon|Stealth Rock|p1a: Whimsicott\n|-sidestart|p1: 388737dgtgt|move: Stealth Rock\n|\n|-heal|p1a: Whimsicott|87/100|[from] item: Leftovers\n|-damage|p2a: Archaludon|81/100|[from] Leech Seed|[of] p1a: Whimsicott\n|-heal|p1a: Whimsicott|100/100|[silent]\n|upkeep\n|turn|8\n|\n|t:|1777190869\n|move|p1a: Whimsicott|Moonblast|p2a: Archaludon\n|-damage|p2a: Archaludon|56/100\n|-ability|p2a: Archaludon|Stamina|boost\n|-boost|p2a: Archaludon|def|1\n|move|p2a: Archaludon|Roar|p1a: Whimsicott\n|drag|p1a: Scizor|Scizor-Mega, L50, M|100/100\n|-damage|p1a: Scizor|87/100|[from] Stealth Rock\n|\n|-damage|p2a: Archaludon|44/100|[from] Leech Seed|[of] p1a: Scizor\n|-heal|p1a: Scizor|100/100|[silent]\n|upkeep\n|-enditem|p2a: Archaludon|Sitrus Berry|[eat]\n|-heal|p2a: Archaludon|69/100|[from] item: Sitrus Berry\n|turn|9\n|j| driflount drifloon\n|\n|t:|1777190877\n|switch|p2a: Espathra|Espathra, L50, M|5/100\n|-damage|p2a: Espathra|0 fnt|[from] Stealth Rock\n|faint|p2a: Espathra\n|move|p1a: Scizor|Knock Off|p2: Espathra|[notarget]\n|-fail|p1a: Scizor\n|\n|upkeep\n|\n|t:|1777190879\n|switch|p2a: Archaludon|Archaludon, L50, F|69/100\n|-damage|p2a: Archaludon|63/100|[from] Stealth Rock\n|turn|10\n|\n|t:|1777190882\n|move|p1a: Scizor|U-turn|p2a: Archaludon\n|-resisted|p2a: Archaludon|1\n|-damage|p2a: Archaludon|51/100\n|-ability|p2a: Archaludon|Stamina|boost\n|-boost|p2a: Archaludon|def|1\n|\n|t:|1777190884\n|switch|p1a: Whimsicott|Whimsicott, L50, M|100/100|[from] U-turn\n|-damage|p1a: Whimsicott|88/100|[from] Stealth Rock\n|move|p2a: Archaludon|Roar|p1a: Whimsicott\n|drag|p1a: Scizor|Scizor-Mega, L50, M|100/100\n|-damage|p1a: Scizor|87/100|[from] Stealth Rock\n|\n|upkeep\n|turn|11\n|\n|t:|1777190894\n|move|p2a: Archaludon|Thunderbolt|p1a: Scizor\n|-damage|p1a: Scizor|64/100\n|move|p1a: Scizor|Knock Off|p2a: Archaludon\n|-damage|p2a: Archaludon|41/100\n|-ability|p2a: Archaludon|Stamina|boost\n|-boost|p2a: Archaludon|def|1\n|\n|upkeep\n|turn|12\n|\n|t:|1777190900\n|move|p1a: Scizor|Roost|p1a: Scizor\n|-heal|p1a: Scizor|100/100\n|-singleturn|p1a: Scizor|move: Roost\n|move|p2a: Archaludon|Roar|p1a: Scizor\n|drag|p1a: Whimsicott|Whimsicott, L50, M|88/100\n|-damage|p1a: Whimsicott|76/100|[from] Stealth Rock\n|\n|-heal|p1a: Whimsicott|82/100|[from] item: Leftovers\n|upkeep\n|turn|13\n|\n|t:|1777190904\n|move|p1a: Whimsicott|Leech Seed|p2a: Archaludon\n|-start|p2a: Archaludon|move: Leech Seed\n|move|p2a: Archaludon|Flash Cannon|p1a: Whimsicott\n|-supereffective|p1a: Whimsicott|1\n|-damage|p1a: Whimsicott|0 fnt\n|faint|p1a: Whimsicott\n|\n|upkeep\n|\n|t:|1777190908\n|switch|p1a: Scizor|Scizor-Mega, L50, M|100/100\n|-damage|p1a: Scizor|87/100|[from] Stealth Rock\n|turn|14\n|j| gygyhuuh\n|\n|t:|1777190917\n|move|p2a: Archaludon|Flash Cannon|p1a: Scizor\n|-resisted|p1a: Scizor|1\n|-damage|p1a: Scizor|70/100\n|move|p1a: Scizor|Knock Off|p2a: Archaludon\n|-damage|p2a: Archaludon|32/100\n|-ability|p2a: Archaludon|Stamina|boost\n|-boost|p2a: Archaludon|def|1\n|\n|-damage|p2a: Archaludon|20/100y|[from] Leech Seed|[of] p1a: Scizor\n|-heal|p1a: Scizor|84/100|[silent]\n|upkeep\n|turn|15\n|\n|t:|1777190919\n|move|p2a: Archaludon|Flash Cannon|p1a: Scizor\n|-resisted|p1a: Scizor|1\n|-damage|p1a: Scizor|68/100\n|move|p1a: Scizor|Roost|p1a: Scizor\n|-heal|p1a: Scizor|100/100\n|-singleturn|p1a: Scizor|move: Roost\n|\n|-damage|p2a: Archaludon|8/100|[from] Leech Seed|[of] p1a: Scizor\n|upkeep\n|turn|16\n|\n|t:|1777190923\n|move|p2a: Archaludon|Flash Cannon|p1a: Scizor\n|-resisted|p1a: Scizor|1\n|-damage|p1a: Scizor|83/100\n|move|p1a: Scizor|Roost|p1a: Scizor\n|-heal|p1a: Scizor|100/100\n|-singleturn|p1a: Scizor|move: Roost\n|\n|-damage|p2a: Archaludon|0 fnt|[from] Leech Seed|[of] p1a: Scizor\n|faint|p2a: Archaludon\n|upkeep\n|\n|t:|1777190925\n|switch|p2a: Dragonite|Dragonite, L50, M|100/100\n|-damage|p2a: Dragonite|75/100|[from] Stealth Rock\n|turn|17\n|\n|t:|1777190929\n|detailschange|p2a: Dragonite|Dragonite-Mega, L50, M\n|-mega|p2a: Dragonite|Dragonite|Dragoninite\n|move|p2a: Dragonite|Thunderbolt|p1a: Scizor\n|-damage|p1a: Scizor|67/100\n|-status|p1a: Scizor|par\n|move|p1a: Scizor|Knock Off|p2a: Dragonite\n|-damage|p2a: Dragonite|58/100\n|\n|upkeep\n|turn|18\n|\n|t:|1777190933\n|move|p1a: Scizor|Bullet Punch|p2a: Dragonite\n|-damage|p2a: Dragonite|33/100\n|move|p2a: Dragonite|Roost|p2a: Dragonite\n|-heal|p2a: Dragonite|83/100\n|-singleturn|p2a: Dragonite|move: Roost\n|\n|upkeep\n|turn|19\n|\n|t:|1777190938\n|move|p2a: Dragonite|Thunderbolt|p1a: Scizor\n|-damage|p1a: Scizor|37/100 par\n|move|p1a: Scizor|Roost|p1a: Scizor\n|-heal|p1a: Scizor|88/100 par\n|-singleturn|p1a: Scizor|move: Roost\n|\n|upkeep\n|turn|20\n|\n|t:|1777190940\n|move|p1a: Scizor|Bullet Punch|p2a: Dragonite\n|-damage|p2a: Dragonite|59/100\n|move|p2a: Dragonite|Thunderbolt|p1a: Scizor\n|-damage|p1a: Scizor|54/100 par\n|\n|upkeep\n|turn|21\n|\n|t:|1777190942\n|move|p1a: Scizor|Bullet Punch|p2a: Dragonite\n|-damage|p2a: Dragonite|36/100\n|move|p2a: Dragonite|Roost|p2a: Dragonite\n|-heal|p2a: Dragonite|86/100\n|-singleturn|p2a: Dragonite|move: Roost\n|\n|upkeep\n|turn|22\n|-message|388737dgtgt forfeited.\n|\n|win|korosuke\n|raw|388737dgtgt's rating: 1313 &rarr; <strong>1297</strong><br />(-16 for losing)\n|raw|korosuke's rating: 1391 &rarr; <strong>1407</strong><br />(+16 for winning)\n|l|\u2606388737dgtgt\n|player|p1|\n|l|\u2606korosuke\n|player|p2|\n", "uploadtime": 1777190972, "views": 5, "formatid": "gen9championsbssregma", "rating": 1297, "private": 0, "password": null}