{"id": "gen9championsbssregma-2592535096", "format": "[Gen 9 Champions] BSS Reg M-A", "players": ["Bluee6", "hiveman"], "log": "|j|\u2606Bluee6\n|j|\u2606hiveman\n|t:|1776999104\n|gametype|singles\n|player|p1|Bluee6|blaine|1079\n|player|p2|hiveman|burglar|1136\n|gen|9\n|tier|[Gen 9 Champions] BSS Reg M-A\n|rated|\n|rule|Species Clause: Limit one of each Pok\u00e9mon\n|rule|Item Clause: Limit 1 of each item\n|clearpoke\n|poke|p1|Floette-Eternal, L50, F|\n|poke|p1|Rotom-Heat, L50|\n|poke|p1|Meowscarada, L50, M|\n|poke|p1|Corviknight, L50, F|\n|poke|p1|Kingambit, L50, M, shiny|\n|poke|p1|Blastoise, L50, F|\n|poke|p2|Garchomp, L50, F, shiny|\n|poke|p2|Gengar, L50, F|\n|poke|p2|Tyranitar, L50, F|\n|poke|p2|Glimmora, L50, F, shiny|\n|poke|p2|Skarmory, L50, M|\n|poke|p2|Aggron, L50, M|\n|teampreview|3\n|inactive|Battle timer is ON: inactive players will automatically lose when time's up. (requested by hiveman)\n|inactive|Bluee6 has 60 seconds left.\n|inactive|hiveman has 60 seconds left.\n|inactive|Bluee6 has 30 seconds left.\n|\n|t:|1776999173\n|teamsize|p1|3\n|teamsize|p2|3\n|start\n|switch|p1a: Corviknight|Corviknight, L50, F|100/100\n|switch|p2a: Glimmora|Glimmora, L50, F, shiny|100/100\n|-ability|p1a: Corviknight|Pressure\n|turn|1\n|\n|t:|1776999183\n|move|p2a: Glimmora|Stealth Rock|p1a: Corviknight\n|-sidestart|p1: Bluee6|move: Stealth Rock\n|move|p1a: Corviknight|U-turn|p2a: Glimmora\n|-resisted|p2a: Glimmora|1\n|-damage|p2a: Glimmora|92/100\n|-activate|p2a: Glimmora|ability: Toxic Debris\n|-sidestart|p1: Bluee6|move: Toxic Spikes\n|\n|t:|1776999184\n|switch|p1a: Kingambit|Kingambit, L50, M, shiny|100/100|[from] U-turn\n|-damage|p1a: Kingambit|94/100|[from] Stealth Rock\n|\n|upkeep\n|turn|2\n|\n|t:|1776999189\n|move|p2a: Glimmora|Earth Power|p1a: Kingambit\n|-supereffective|p1a: Kingambit|1\n|-damage|p1a: Kingambit|26/100\n|-unboost|p1a: Kingambit|spd|1\n|move|p1a: Kingambit|Iron Head|p2a: Glimmora\n|-supereffective|p2a: Glimmora|1\n|-damage|p2a: Glimmora|0 fnt\n|-activate|p2a: Glimmora|ability: Toxic Debris\n|-sidestart|p1: Bluee6|move: Toxic Spikes\n|faint|p2a: Glimmora\n|\n|upkeep\n|\n|t:|1776999194\n|switch|p2a: Garchomp|Garchomp, L50, F, shiny|100/100\n|turn|3\n|\n|t:|1776999197\n|switch|p2a: Gengar|Gengar, L50, F|100/100\n|-end|p1a: Kingambit|fallenundefined|[silent]\n|switch|p1a: Corviknight|Corviknight, L50, F|100/100\n|-damage|p1a: Corviknight|88/100|[from] Stealth Rock\n|-ability|p1a: Corviknight|Pressure\n|\n|-heal|p1a: Corviknight|94/100|[from] item: Leftovers\n|upkeep\n|turn|4\n|\n|t:|1776999202\n|detailschange|p2a: Gengar|Gengar-Mega, L50, F\n|-mega|p2a: Gengar|Gengar|Gengarite\n|move|p2a: Gengar|Destiny Bond|p2a: Gengar\n|-singlemove|p2a: Gengar|Destiny Bond\n|move|p1a: Corviknight|U-turn|p2a: Gengar\n|-resisted|p2a: Gengar|2\n|-damage|p2a: Gengar|95/100\n|\n|t:|1776999209\n|switch|p1a: Kingambit|Kingambit, L50, M, shiny|26/100|[from] U-turn\n|-damage|p1a: Kingambit|20/100|[from] Stealth Rock\n|\n|upkeep\n|turn|5\n|\n|t:|1776999227\n|switch|p2a: Garchomp|Garchomp, L50, F, shiny|100/100\n|move|p1a: Kingambit|Sucker Punch||[still]\n|-fail|p1a: Kingambit\n|\n|upkeep\n|turn|6\n|\n|t:|1776999232\n|-end|p1a: Kingambit|fallenundefined|[silent]\n|switch|p1a: Corviknight|Corviknight, L50, F|94/100\n|-damage|p1a: Corviknight|82/100|[from] Stealth Rock\n|-ability|p1a: Corviknight|Pressure\n|move|p2a: Garchomp|Earthquake|p1a: Corviknight\n|-immune|p1a: Corviknight\n|\n|-heal|p1a: Corviknight|88/100|[from] item: Leftovers\n|upkeep\n|turn|7\n|\n|t:|1776999235\n|switch|p2a: Gengar|Gengar-Mega, L50, F|95/100\n|move|p1a: Corviknight|U-turn|p2a: Gengar\n|-resisted|p2a: Gengar|2\n|-damage|p2a: Gengar|90/100\n|\n|t:|1776999237\n|switch|p1a: Kingambit|Kingambit, L50, M, shiny|20/100|[from] U-turn\n|-damage|p1a: Kingambit|14/100|[from] Stealth Rock\n|\n|upkeep\n|turn|8\n|\n|t:|1776999242\n|move|p1a: Kingambit|Sucker Punch||[still]\n|-fail|p1a: Kingambit\n|move|p2a: Gengar|Destiny Bond|p2a: Gengar\n|-singlemove|p2a: Gengar|Destiny Bond\n|\n|upkeep\n|turn|9\n|\n|t:|1776999248\n|switch|p2a: Garchomp|Garchomp, L50, F, shiny|100/100\n|move|p1a: Kingambit|Kowtow Cleave|p2a: Garchomp\n|-damage|p2a: Garchomp|52/100\n|-damage|p1a: Kingambit|2/100|[from] ability: Rough Skin|[of] p2a: Garchomp\n|\n|upkeep\n|turn|10\n|\n|t:|1776999251\n|move|p2a: Garchomp|Stone Edge|p1a: Kingambit\n|-resisted|p1a: Kingambit|1\n|-damage|p1a: Kingambit|0 fnt\n|faint|p1a: Kingambit\n|-end|p1a: Kingambit|fallenundefined|[silent]\n|\n|upkeep\n|\n|t:|1776999255\n|switch|p1a: Blastoise|Blastoise, L50, F|100/100\n|-damage|p1a: Blastoise|88/100|[from] Stealth Rock\n|-status|p1a: Blastoise|tox\n|turn|11\n|\n|t:|1776999258\n|detailschange|p1a: Blastoise|Blastoise-Mega, L50, F\n|-mega|p1a: Blastoise|Blastoise|Blastoisinite\n|move|p2a: Garchomp|Stone Edge|p1a: Blastoise|[miss]\n|-miss|p2a: Garchomp|p1a: Blastoise\n|move|p1a: Blastoise|Ice Beam|p2a: Garchomp\n|-supereffective|p2a: Garchomp|2\n|-damage|p2a: Garchomp|0 fnt\n|faint|p2a: Garchomp\n|\n|-damage|p1a: Blastoise|83/100 tox|[from] psn\n|upkeep\n|\n|t:|1776999260\n|switch|p2a: Gengar|Gengar-Mega, L50, F|90/100\n|turn|12\n|\n|t:|1776999267\n|move|p2a: Gengar|Sludge Wave|p1a: Blastoise\n|-damage|p1a: Blastoise|20/100 tox\n|move|p1a: Blastoise|Dark Pulse|p2a: Gengar\n|-supereffective|p2a: Gengar|1\n|-damage|p2a: Gengar|0 fnt\n|faint|p2a: Gengar\n|\n|win|Bluee6\n|raw|Bluee6's rating: 1079 &rarr; <strong>1112</strong><br />(+33 for winning)\n|raw|hiveman's rating: 1136 &rarr; <strong>1107</strong><br />(-29 for losing)\n", "uploadtime": 1776999270, "views": 0, "formatid": "gen9championsbssregma", "rating": 1107, "private": 0, "password": null}