{"id": "gen9championsbssregma-2589811498", "format": "[Gen 9 Champions] BSS Reg M-A", "players": ["kyopoke_4ne", "karbain"], "log": "|j|\u2606kyopoke_4ne\n|j|\u2606karbain\n|t:|1776762677\n|gametype|singles\n|player|p1|kyopoke_4ne|2|1412\n|player|p2|karbain|266|1328\n|gen|9\n|tier|[Gen 9 Champions] BSS Reg M-A\n|rated|\n|rule|Species Clause: Limit one of each Pok\u00e9mon\n|rule|Item Clause: Limit 1 of each item\n|clearpoke\n|poke|p1|Garchomp, L50, M|\n|poke|p1|Volcarona, L50, F|\n|poke|p1|Primarina, L50, F|\n|poke|p1|Archaludon, L50, M|\n|poke|p1|Kangaskhan, L50, F|\n|poke|p1|Gengar, L50, M|\n|poke|p2|Mimikyu, L50, M|\n|poke|p2|Empoleon, L50, F|\n|poke|p2|Charizard, L50, F|\n|poke|p2|Greninja, L50, M|\n|poke|p2|Lucario, L50, F|\n|poke|p2|Garchomp, L50, F|\n|teampreview|3\n|\n|t:|1776762725\n|teamsize|p1|3\n|teamsize|p2|3\n|start\n|switch|p1a: Primarina|Primarina, L50, F|100/100\n|switch|p2a: Garchomp|Garchomp, L50, F|100/100\n|turn|1\n|\n|t:|1776762732\n|move|p2a: Garchomp|Poison Jab|p1a: Primarina\n|-supereffective|p1a: Primarina|1\n|-damage|p1a: Primarina|20/100\n|-status|p1a: Primarina|psn\n|move|p1a: Primarina|Moonblast|p2a: Garchomp\n|-supereffective|p2a: Garchomp|1\n|-damage|p2a: Garchomp|0 fnt\n|faint|p2a: Garchomp\n|\n|-damage|p1a: Primarina|8/100 psn|[from] psn\n|upkeep\n|\n|t:|1776762744\n|switch|p2a: Mimikyu|Mimikyu, L50, M|100/100\n|turn|2\n|\n|t:|1776762749\n|switch|p1a: Archaludon|Archaludon, L50, M|100/100\n|move|p2a: Mimikyu|Swords Dance|p2a: Mimikyu\n|-boost|p2a: Mimikyu|atk|2\n|\n|upkeep\n|turn|3\n|\n|t:|1776762757\n|move|p1a: Archaludon|Flash Cannon|p2a: Mimikyu\n|-activate|p2a: Mimikyu|ability: Disguise\n|-damage|p2a: Mimikyu|100/100\n|detailschange|p2a: Mimikyu|Mimikyu-Busted, L50, M\n|-damage|p2a: Mimikyu|89/100|[from] pokemon: Mimikyu-Busted\n|move|p2a: Mimikyu|Drain Punch|p1a: Archaludon\n|-supereffective|p1a: Archaludon|1\n|-damage|p1a: Archaludon|40/100\n|-heal|p2a: Mimikyu|100/100|[from] drain|[of] p1a: Archaludon\n|-ability|p1a: Archaludon|Stamina|boost\n|-boost|p1a: Archaludon|def|1\n|\n|-heal|p1a: Archaludon|47/100|[from] item: Leftovers\n|upkeep\n|turn|4\n|\n|t:|1776762775\n|move|p1a: Archaludon|Flash Cannon|p2a: Mimikyu\n|-supereffective|p2a: Mimikyu|1\n|-damage|p2a: Mimikyu|15/100\n|move|p2a: Mimikyu|Drain Punch|p1a: Archaludon\n|-supereffective|p1a: Archaludon|1\n|-damage|p1a: Archaludon|8/100\n|-heal|p2a: Mimikyu|41/100|[from] drain|[of] p1a: Archaludon\n|-ability|p1a: Archaludon|Stamina|boost\n|-boost|p1a: Archaludon|def|1\n|\n|-heal|p1a: Archaludon|14/100|[from] item: Leftovers\n|upkeep\n|turn|5\n|\n|t:|1776762786\n|move|p2a: Mimikyu|Shadow Sneak|p1a: Archaludon\n|-damage|p1a: Archaludon|2/100\n|-ability|p1a: Archaludon|Stamina|boost\n|-boost|p1a: Archaludon|def|1\n|move|p1a: Archaludon|Flash Cannon|p2a: Mimikyu\n|-supereffective|p2a: Mimikyu|1\n|-damage|p2a: Mimikyu|0 fnt\n|faint|p2a: Mimikyu\n|\n|-heal|p1a: Archaludon|8/100|[from] item: Leftovers\n|upkeep\n|\n|t:|1776762795\n|switch|p2a: Lucario|Lucario, L50, F|100/100\n|turn|6\n|\n|t:|1776762801\n|detailschange|p2a: Lucario|Lucario-Mega, L50, F\n|-mega|p2a: Lucario|Lucario|Lucarionite\n|move|p2a: Lucario|Nasty Plot|p2a: Lucario\n|-boost|p2a: Lucario|spa|2\n|move|p1a: Archaludon|Draco Meteor|p2a: Lucario\n|-resisted|p2a: Lucario|1\n|-damage|p2a: Lucario|56/100\n|-unboost|p1a: Archaludon|spa|2\n|\n|-heal|p1a: Archaludon|14/100|[from] item: Leftovers\n|upkeep\n|turn|7\n|\n|t:|1776762814\n|move|p2a: Lucario|Nasty Plot|p2a: Lucario\n|-boost|p2a: Lucario|spa|2\n|move|p1a: Archaludon|Draco Meteor|p2a: Lucario\n|-resisted|p2a: Lucario|1\n|-damage|p2a: Lucario|31/100\n|-unboost|p1a: Archaludon|spa|2\n|\n|-heal|p1a: Archaludon|21/100|[from] item: Leftovers\n|upkeep\n|turn|8\n|\n|t:|1776762830\n|move|p2a: Lucario|Nasty Plot|p2a: Lucario\n|-boost|p2a: Lucario|spa|2\n|move|p1a: Archaludon|Draco Meteor|p2a: Lucario\n|-resisted|p2a: Lucario|1\n|-damage|p2a: Lucario|15/100\n|-unboost|p1a: Archaludon|spa|2\n|\n|-heal|p1a: Archaludon|27/100|[from] item: Leftovers\n|upkeep\n|turn|9\n|\n|t:|1776762840\n|move|p2a: Lucario|Aura Sphere|p1a: Archaludon\n|-supereffective|p1a: Archaludon|1\n|-damage|p1a: Archaludon|0 fnt\n|faint|p1a: Archaludon\n|\n|upkeep\n|\n|t:|1776762846\n|switch|p1a: Gengar|Gengar, L50, M|100/100\n|turn|10\n|\n|t:|1776762850\n|detailschange|p1a: Gengar|Gengar-Mega, L50, M\n|-mega|p1a: Gengar|Gengar|Gengarite\n|move|p1a: Gengar|Hex|p2a: Lucario\n|-damage|p2a: Lucario|0 fnt\n|faint|p2a: Lucario\n|\n|win|kyopoke_4ne\n|raw|kyopoke_4ne's rating: 1412 &rarr; <strong>1427</strong><br />(+15 for winning)\n|raw|karbain's rating: 1328 &rarr; <strong>1313</strong><br />(-15 for losing)\n|l|\u2606karbain\n|player|p2|\n|l|\u2606kyopoke_4ne\n|player|p1|\n", "uploadtime": 1776762881, "views": 7, "formatid": "gen9championsbssregma", "rating": 1313, "private": 0, "password": null}