{"id": "gen9championsbssregma-2590249714", "format": "[Gen 9 Champions] BSS Reg M-A", "players": ["mroreo328", "KuroeHanako0927"], "log": "|j|\u2606mroreo328\n|j|\u203dKuroeHanako0927\n|t:|1776796317\n|gametype|singles\n|player|p1|mroreo328|youngster-gen4dp|1320\n|player|p2|KuroeHanako0927|cynthia|1407\n|gen|9\n|tier|[Gen 9 Champions] BSS Reg M-A\n|rated|\n|rule|Species Clause: Limit one of each Pok\u00e9mon\n|rule|Item Clause: Limit 1 of each item\n|clearpoke\n|poke|p1|Clefable, L50, F, shiny|\n|poke|p1|Greninja, L50, M, shiny|\n|poke|p1|Dragonite, L50, F, shiny|\n|poke|p1|Scovillain, L50, M|\n|poke|p1|Espathra, L50, M, shiny|\n|poke|p1|Archaludon, L50, M|\n|poke|p2|Clefable, L50, F, shiny|\n|poke|p2|Ceruledge, L50, M, shiny|\n|poke|p2|Kangaskhan, L50, F, shiny|\n|poke|p2|Garchomp, L50, M, shiny|\n|poke|p2|Toxapex, L50, F, shiny|\n|poke|p2|Umbreon, L50, M, shiny|\n|teampreview|3\n|inactive|Battle timer is ON: inactive players will automatically lose when time's up. (requested by mroreo328)\n|inactive|mroreo328 has 60 seconds left.\n|inactive|KuroeHanako0927 has 60 seconds left.\n|inactive|KuroeHanako0927 has 30 seconds left.\n|inactive|KuroeHanako0927 has 20 seconds left.\n|inactive|KuroeHanako0927 has 15 seconds left.\n|inactive|KuroeHanako0927 has 10 seconds left.\n|\n|t:|1776796399\n|teamsize|p1|3\n|teamsize|p2|3\n|start\n|switch|p1a: Scovillain|Scovillain, L50, M|100/100\n|switch|p2a: Ceruledge|Ceruledge, L50, M, shiny|100/100\n|turn|1\n|\n|t:|1776796413\n|move|p2a: Ceruledge|Swords Dance|p2a: Ceruledge\n|-boost|p2a: Ceruledge|atk|2\n|move|p1a: Scovillain|Leech Seed|p2a: Ceruledge\n|-start|p2a: Ceruledge|move: Leech Seed\n|\n|-damage|p2a: Ceruledge|89/100|[from] Leech Seed|[of] p1a: Scovillain\n|-ability|p1a: Scovillain|Moody|boost\n|-boost|p1a: Scovillain|spe|2\n|-unboost|p1a: Scovillain|def|1\n|upkeep\n|turn|2\n|\n|t:|1776796422\n|move|p1a: Scovillain|Protect|p1a: Scovillain\n|-singleturn|p1a: Scovillain|Protect\n|move|p2a: Ceruledge|Bitter Blade|p1a: Scovillain\n|-activate|p1a: Scovillain|move: Protect\n|\n|-damage|p2a: Ceruledge|77/100|[from] Leech Seed|[of] p1a: Scovillain\n|-ability|p1a: Scovillain|Moody|boost\n|-boost|p1a: Scovillain|spe|2\n|-unboost|p1a: Scovillain|atk|1\n|upkeep\n|turn|3\n|\n|t:|1776796434\n|move|p1a: Scovillain|Substitute|p1a: Scovillain\n|-start|p1a: Scovillain|Substitute\n|-damage|p1a: Scovillain|75/100\n|move|p2a: Ceruledge|Bitter Blade|p1a: Scovillain\n|-end|p1a: Scovillain|Substitute\n|-heal|p2a: Ceruledge|91/100|[from] drain|[of] p1a: Scovillain\n|\n|-damage|p2a: Ceruledge|79/100|[from] Leech Seed|[of] p1a: Scovillain\n|-heal|p1a: Scovillain|86/100|[silent]\n|-ability|p1a: Scovillain|Moody|boost\n|-boost|p1a: Scovillain|spa|2\n|-unboost|p1a: Scovillain|atk|1\n|upkeep\n|turn|4\n|\n|t:|1776796457\n|move|p1a: Scovillain|Substitute|p1a: Scovillain\n|-start|p1a: Scovillain|Substitute\n|-damage|p1a: Scovillain|61/100\n|move|p2a: Ceruledge|Swords Dance|p2a: Ceruledge\n|-boost|p2a: Ceruledge|atk|2\n|\n|-damage|p2a: Ceruledge|67/100|[from] Leech Seed|[of] p1a: Scovillain\n|-heal|p1a: Scovillain|71/100|[silent]\n|-ability|p1a: Scovillain|Moody|boost\n|-boost|p1a: Scovillain|atk|2\n|-unboost|p1a: Scovillain|spa|1\n|upkeep\n|turn|5\n|\n|t:|1776796462\n|move|p1a: Scovillain|Protect|p1a: Scovillain\n|-singleturn|p1a: Scovillain|Protect\n|move|p2a: Ceruledge|Bitter Blade|p1a: Scovillain\n|-activate|p1a: Scovillain|move: Protect\n|\n|-damage|p2a: Ceruledge|55/100|[from] Leech Seed|[of] p1a: Scovillain\n|-heal|p1a: Scovillain|82/100|[silent]\n|-ability|p1a: Scovillain|Moody|boost\n|-boost|p1a: Scovillain|def|2\n|-unboost|p1a: Scovillain|atk|1\n|upkeep\n|turn|6\n|inactive|KuroeHanako0927 has 30 seconds left.\n|\n|t:|1776796506\n|switch|p2a: Clefable|Clefable, L50, F, shiny|100/100\n|move|p1a: Scovillain|Fire Spin|p2a: Clefable\n|-damage|p2a: Clefable|88/100\n|-activate|p2a: Clefable|move: Fire Spin|[of] p1a: Scovillain\n|\n|-damage|p2a: Clefable|76/100|[from] move: Fire Spin|[partiallytrapped]\n|-ability|p1a: Scovillain|Moody|boost\n|-boost|p1a: Scovillain|atk|2\n|-unboost|p1a: Scovillain|spe|1\n|upkeep\n|turn|7\n|\n|t:|1776796520\n|move|p1a: Scovillain|Leech Seed|p2a: Clefable\n|-start|p2a: Clefable|move: Leech Seed\n|move|p2a: Clefable|Calm Mind|p2a: Clefable\n|-boost|p2a: Clefable|spa|1\n|-boost|p2a: Clefable|spd|1\n|\n|-damage|p2a: Clefable|64/100|[from] Leech Seed|[of] p1a: Scovillain\n|-heal|p1a: Scovillain|96/100|[silent]\n|-damage|p2a: Clefable|52/100|[from] move: Fire Spin|[partiallytrapped]\n|-ability|p1a: Scovillain|Moody|boost\n|-boost|p1a: Scovillain|spd|2\n|-unboost|p1a: Scovillain|atk|1\n|upkeep\n|turn|8\n|\n|t:|1776796529\n|move|p1a: Scovillain|Fire Spin|p2a: Clefable|[miss]\n|-miss|p1a: Scovillain|p2a: Clefable\n|move|p2a: Clefable|Calm Mind|p2a: Clefable\n|-boost|p2a: Clefable|spa|1\n|-boost|p2a: Clefable|spd|1\n|\n|-damage|p2a: Clefable|40/100|[from] Leech Seed|[of] p1a: Scovillain\n|-heal|p1a: Scovillain|100/100|[silent]\n|-damage|p2a: Clefable|28/100|[from] move: Fire Spin|[partiallytrapped]\n|-ability|p1a: Scovillain|Moody|boost\n|-boost|p1a: Scovillain|spe|2\n|-unboost|p1a: Scovillain|def|1\n|upkeep\n|turn|9\n|\n|t:|1776796535\n|move|p1a: Scovillain|Fire Spin|p2a: Clefable\n|-damage|p2a: Clefable|22/100\n|move|p2a: Clefable|Moonlight|p2a: Clefable\n|-heal|p2a: Clefable|72/100\n|\n|-damage|p2a: Clefable|60/100|[from] Leech Seed|[of] p1a: Scovillain\n|-damage|p2a: Clefable|48/100|[from] move: Fire Spin|[partiallytrapped]\n|-ability|p1a: Scovillain|Moody|boost\n|-boost|p1a: Scovillain|spe|1\n|-unboost|p1a: Scovillain|spa|1\n|upkeep\n|turn|10\n|\n|t:|1776796560\n|move|p1a: Scovillain|Fire Spin|p2a: Clefable\n|-damage|p2a: Clefable|42/100\n|move|p2a: Clefable|Moonlight|p2a: Clefable\n|-heal|p2a: Clefable|91/100\n|\n|-damage|p2a: Clefable|79/100|[from] Leech Seed|[of] p1a: Scovillain\n|-end|p2a: Clefable|Fire Spin|[partiallytrapped]\n|-ability|p1a: Scovillain|Moody|boost\n|-boost|p1a: Scovillain|spd|2\n|-unboost|p1a: Scovillain|def|1\n|upkeep\n|turn|11\n|inactive|KuroeHanako0927 has 30 seconds left.\n|inactive|KuroeHanako0927 has 20 seconds left.\n|\n|t:|1776796599\n|switch|p2a: Toxapex|Toxapex, L50, F, shiny|100/100\n|move|p1a: Scovillain|Fire Spin|p2a: Toxapex\n|-resisted|p2a: Toxapex|1\n|-crit|p2a: Toxapex\n|-damage|p2a: Toxapex|94/100\n|-activate|p2a: Toxapex|move: Fire Spin|[of] p1a: Scovillain\n|\n|-damage|p2a: Toxapex|82/100|[from] move: Fire Spin|[partiallytrapped]\n|-ability|p1a: Scovillain|Moody|boost\n|-boost|p1a: Scovillain|spd|2\n|-unboost|p1a: Scovillain|def|1\n|upkeep\n|turn|12\n|\n|t:|1776796613\n|move|p1a: Scovillain|Leech Seed|p2a: Toxapex\n|-start|p2a: Toxapex|move: Leech Seed\n|move|p2a: Toxapex|Haze|p2a: Toxapex\n|-clearallboost\n|\n|-damage|p2a: Toxapex|70/100|[from] Leech Seed|[of] p1a: Scovillain\n|-damage|p2a: Toxapex|58/100|[from] move: Fire Spin|[partiallytrapped]\n|-ability|p1a: Scovillain|Moody|boost\n|-boost|p1a: Scovillain|spe|2\n|-unboost|p1a: Scovillain|spa|1\n|upkeep\n|turn|13\n|\n|t:|1776796625\n|move|p1a: Scovillain|Fire Spin|p2a: Toxapex\n|-resisted|p2a: Toxapex|1\n|-damage|p2a: Toxapex|55/100\n|move|p2a: Toxapex|Infestation|p1a: Scovillain\n|-activate|p1a: Scovillain|move: Substitute|[damage]\n|\n|-damage|p2a: Toxapex|43/100|[from] Leech Seed|[of] p1a: Scovillain\n|-damage|p2a: Toxapex|30/100|[from] move: Fire Spin|[partiallytrapped]\n|-ability|p1a: Scovillain|Moody|boost\n|-boost|p1a: Scovillain|def|2\n|-unboost|p1a: Scovillain|spd|1\n|upkeep\n|turn|14\n|\n|t:|1776796638\n|move|p1a: Scovillain|Fire Spin|p2a: Toxapex|[miss]\n|-miss|p1a: Scovillain|p2a: Toxapex\n|move|p2a: Toxapex|Recover|p2a: Toxapex\n|-heal|p2a: Toxapex|81/100\n|\n|-damage|p2a: Toxapex|69/100|[from] Leech Seed|[of] p1a: Scovillain\n|-damage|p2a: Toxapex|57/100|[from] move: Fire Spin|[partiallytrapped]\n|-ability|p1a: Scovillain|Moody|boost\n|-boost|p1a: Scovillain|spe|2\n|-unboost|p1a: Scovillain|def|1\n|upkeep\n|turn|15\n|\n|t:|1776796655\n|move|p1a: Scovillain|Protect|p1a: Scovillain\n|-singleturn|p1a: Scovillain|Protect\n|move|p2a: Toxapex|Recover|p2a: Toxapex\n|-heal|p2a: Toxapex|100/100\n|\n|-damage|p2a: Toxapex|88/100|[from] Leech Seed|[of] p1a: Scovillain\n|-end|p2a: Toxapex|Fire Spin|[partiallytrapped]\n|-ability|p1a: Scovillain|Moody|boost\n|-boost|p1a: Scovillain|atk|2\n|-unboost|p1a: Scovillain|spe|1\n|upkeep\n|turn|16\n|\n|t:|1776796670\n|switch|p2a: Ceruledge|Ceruledge, L50, M, shiny|55/100\n|move|p1a: Scovillain|Fire Spin|p2a: Ceruledge\n|-resisted|p2a: Ceruledge|1\n|-damage|p2a: Ceruledge|50/100\n|-activate|p2a: Ceruledge|move: Fire Spin|[of] p1a: Scovillain\n|\n|-damage|p2a: Ceruledge|38/100|[from] move: Fire Spin|[partiallytrapped]\n|-ability|p1a: Scovillain|Moody|boost\n|-boost|p1a: Scovillain|def|2\n|-unboost|p1a: Scovillain|spd|1\n|upkeep\n|turn|17\n|\n|t:|1776796681\n|move|p1a: Scovillain|Leech Seed|p2a: Ceruledge\n|-start|p2a: Ceruledge|move: Leech Seed\n|move|p2a: Ceruledge|Bitter Blade|p1a: Scovillain\n|-end|p1a: Scovillain|Substitute\n|-heal|p2a: Ceruledge|51/100|[from] drain|[of] p1a: Scovillain\n|\n|-damage|p2a: Ceruledge|39/100|[from] Leech Seed|[of] p1a: Scovillain\n|-damage|p2a: Ceruledge|27/100|[from] move: Fire Spin|[partiallytrapped]\n|-ability|p1a: Scovillain|Moody|boost\n|-boost|p1a: Scovillain|def|2\n|-unboost|p1a: Scovillain|spa|1\n|upkeep\n|turn|18\n|\n|t:|1776796697\n|move|p1a: Scovillain|Protect|p1a: Scovillain\n|-singleturn|p1a: Scovillain|Protect\n|move|p2a: Ceruledge|Bitter Blade|p1a: Scovillain\n|-activate|p1a: Scovillain|move: Protect\n|\n|-damage|p2a: Ceruledge|15/100|[from] Leech Seed|[of] p1a: Scovillain\n|-damage|p2a: Ceruledge|3/100|[from] move: Fire Spin|[partiallytrapped]\n|-ability|p1a: Scovillain|Moody|boost\n|-boost|p1a: Scovillain|def|1\n|-unboost|p1a: Scovillain|atk|1\n|upkeep\n|turn|19\n|\n|t:|1776796708\n|move|p1a: Scovillain|Fire Spin|p2a: Ceruledge\n|-resisted|p2a: Ceruledge|1\n|-damage|p2a: Ceruledge|0 fnt\n|faint|p2a: Ceruledge\n|\n|-ability|p1a: Scovillain|Moody|boost\n|-boost|p1a: Scovillain|spa|2\n|-unboost|p1a: Scovillain|spd|1\n|upkeep\n|inactive|KuroeHanako0927 has 30 seconds left.\n|inactive|KuroeHanako0927 has 20 seconds left.\n|inactive|KuroeHanako0927 has 15 seconds left.\n|inactive|KuroeHanako0927 has 10 seconds left.\n|\n|t:|1776796754\n|switch|p2a: Clefable|Clefable, L50, F, shiny|79/100\n|turn|20\n|\n|t:|1776796763\n|move|p1a: Scovillain|Fire Spin|p2a: Clefable\n|-damage|p2a: Clefable|67/100\n|-activate|p2a: Clefable|move: Fire Spin|[of] p1a: Scovillain\n|move|p2a: Clefable|Calm Mind|p2a: Clefable\n|-boost|p2a: Clefable|spa|1\n|-boost|p2a: Clefable|spd|1\n|\n|-damage|p2a: Clefable|55/100|[from] move: Fire Spin|[partiallytrapped]\n|-ability|p1a: Scovillain|Moody|boost\n|-boost|p1a: Scovillain|spd|2\n|-unboost|p1a: Scovillain|spe|1\n|upkeep\n|turn|21\n|\n|t:|1776796774\n|move|p1a: Scovillain|Substitute|p1a: Scovillain\n|-start|p1a: Scovillain|Substitute\n|-damage|p1a: Scovillain|75/100\n|move|p2a: Clefable|Psyshock|p1a: Scovillain\n|-end|p1a: Scovillain|Substitute\n|\n|-damage|p2a: Clefable|43/100|[from] move: Fire Spin|[partiallytrapped]\n|-ability|p1a: Scovillain|Moody|boost\n|-boost|p1a: Scovillain|atk|2\n|-unboost|p1a: Scovillain|spd|1\n|upkeep\n|turn|22\n|\n|t:|1776796787\n|move|p1a: Scovillain|Leech Seed|p2a: Clefable\n|-start|p2a: Clefable|move: Leech Seed\n|move|p2a: Clefable|Moonlight|p2a: Clefable\n|-heal|p2a: Clefable|93/100\n|\n|-damage|p2a: Clefable|81/100|[from] Leech Seed|[of] p1a: Scovillain\n|-heal|p1a: Scovillain|89/100|[silent]\n|-damage|p2a: Clefable|69/100|[from] move: Fire Spin|[partiallytrapped]\n|-ability|p1a: Scovillain|Moody|boost\n|-boost|p1a: Scovillain|atk|2\n|-unboost|p1a: Scovillain|spe|1\n|upkeep\n|turn|23\n|-message|KuroeHanako0927 forfeited.\n|\n|win|mroreo328\n|raw|mroreo328's rating: 1320 &rarr; <strong>1345</strong><br />(+25 for winning)\n|raw|KuroeHanako0927's rating: 1407 &rarr; <strong>1382</strong><br />(-25 for losing)\n|l|\u203dKuroeHanako0927\n|player|p2|\n|l|\u2606mroreo328\n|player|p1|\n", "uploadtime": 1776796813, "views": 20, "formatid": "gen9championsbssregma", "rating": 1345, "private": 0, "password": null}