{"id": "gen9championsbssregma-2590358852", "format": "[Gen 9 Champions] BSS Reg M-A", "players": ["Ripe Avacado", "mroreo328"], "log": "|j|\u2606Ripe Avacado\n|j|\u2606mroreo328\n|t:|1776803643\n|gametype|singles\n|player|p1|Ripe Avacado|swimmerf|1191\n|player|p2|mroreo328|youngster-gen4dp|1351\n|gen|9\n|tier|[Gen 9 Champions] BSS Reg M-A\n|rated|\n|rule|Species Clause: Limit one of each Pok\u00e9mon\n|rule|Item Clause: Limit 1 of each item\n|clearpoke\n|poke|p1|Dragonite, L50, F, shiny|\n|poke|p1|Aegislash, L50, F, shiny|\n|poke|p1|Meganium, L50, M|\n|poke|p1|Espathra, L50, M, shiny|\n|poke|p1|Weavile, L50, F|\n|poke|p1|Kleavor, L50, F|\n|poke|p2|Clefable, L50, M, shiny|\n|poke|p2|Greninja, L50, M, shiny|\n|poke|p2|Dragonite, L50, F, shiny|\n|poke|p2|Scovillain, L50, M|\n|poke|p2|Espathra, L50, F, shiny|\n|poke|p2|Zoroark-Hisui, L50, F|\n|teampreview|3\n|inactive|Battle timer is ON: inactive players will automatically lose when time's up. (requested by mroreo328)\n|inactive|Ripe Avacado has 60 seconds left.\n|\n|t:|1776803684\n|teamsize|p1|3\n|teamsize|p2|3\n|start\n|switch|p1a: Espathra|Espathra, L50, M, shiny|100/100\n|switch|p2a: Espathra|Espathra, L50, F, shiny|100/100\n|turn|1\n|\n|t:|1776803695\n|move|p2a: Espathra|Bitter Malice|p1a: Espathra\n|-supereffective|p1a: Espathra|1\n|-damage|p1a: Espathra|38/100\n|-unboost|p1a: Espathra|atk|1\n|move|p1a: Espathra|Lumina Crash|p2a: Espathra\n|-damage|p2a: Espathra|41/100\n|-unboost|p2a: Espathra|spd|2\n|replace|p2a: Zoroark|Zoroark-Hisui, L50, F\n|-end|p2a: Zoroark|Illusion\n|\n|-ability|p1a: Espathra|Speed Boost|boost\n|-boost|p1a: Espathra|spe|1\n|upkeep\n|turn|2\n|\n|t:|1776803702\n|move|p1a: Espathra|Protect|p1a: Espathra\n|-singleturn|p1a: Espathra|Protect\n|move|p2a: Zoroark|Curse|p1a: Espathra\n|-start|p1a: Espathra|Curse|[of] p2a: Zoroark\n|-damage|p2a: Zoroark|0 fnt\n|faint|p2a: Zoroark\n|\n|-damage|p1a: Espathra|13/100|[from] Curse\n|-ability|p1a: Espathra|Speed Boost|boost\n|-boost|p1a: Espathra|spe|1\n|upkeep\n|\n|t:|1776803711\n|switch|p2a: Espathra|Espathra, L50, F, shiny|100/100\n|turn|3\n|\n|t:|1776803716\n|move|p1a: Espathra|Lumina Crash|p2a: Espathra\n|-resisted|p2a: Espathra|1\n|-damage|p2a: Espathra|81/100\n|-unboost|p2a: Espathra|spd|2\n|move|p2a: Espathra|Calm Mind|p2a: Espathra\n|-boost|p2a: Espathra|spa|1\n|-boost|p2a: Espathra|spd|1\n|\n|-damage|p1a: Espathra|0 fnt|[from] Curse\n|faint|p1a: Espathra\n|-ability|p2a: Espathra|Speed Boost|boost\n|-boost|p2a: Espathra|spe|1\n|upkeep\n|\n|t:|1776803721\n|switch|p1a: Aegislash|Aegislash, L50, F, shiny|100/100\n|turn|4\n|\n|t:|1776803727\n|move|p2a: Espathra|Protect|p2a: Espathra\n|-singleturn|p2a: Espathra|Protect\n|-formechange|p1a: Aegislash|Aegislash-Blade|\n|move|p1a: Aegislash|Shadow Ball|p2a: Espathra\n|-activate|p2a: Espathra|move: Protect\n|\n|-ability|p2a: Espathra|Speed Boost|boost\n|-boost|p2a: Espathra|spe|1\n|upkeep\n|turn|5\n|\n|t:|1776803737\n|-formechange|p1a: Aegislash|Aegislash|\n|move|p1a: Aegislash|King's Shield|p1a: Aegislash\n|-singleturn|p1a: Aegislash|Protect\n|move|p2a: Espathra|Baton Pass|p2a: Espathra\n|\n|t:|1776803742\n|switch|p2a: Clefable|Clefable, L50, M, shiny|100/100|[from] Baton Pass\n|\n|upkeep\n|turn|6\n|\n|t:|1776803748\n|move|p2a: Clefable|Cosmic Power|p2a: Clefable\n|-boost|p2a: Clefable|def|1\n|-boost|p2a: Clefable|spd|1\n|-formechange|p1a: Aegislash|Aegislash-Blade|\n|move|p1a: Aegislash|Flash Cannon|p2a: Clefable\n|-supereffective|p2a: Clefable|1\n|-damage|p2a: Clefable|28/100\n|\n|upkeep\n|turn|7\n|\n|t:|1776803759\n|detailschange|p2a: Clefable|Clefable-Mega, L50, M, shiny\n|-mega|p2a: Clefable|Clefable|Clefablite\n|move|p2a: Clefable|Cosmic Power|p2a: Clefable\n|-boost|p2a: Clefable|def|1\n|-boost|p2a: Clefable|spd|1\n|move|p1a: Aegislash|Flash Cannon|p2a: Clefable\n|-supereffective|p2a: Clefable|1\n|-crit|p2a: Clefable\n|-damage|p2a: Clefable|0 fnt\n|faint|p2a: Clefable\n|\n|upkeep\n|-message|mroreo328 forfeited.\n|\n|win|Ripe Avacado\n|raw|Ripe Avacado's rating: 1191 &rarr; <strong>1227</strong><br />(+36 for winning)\n|raw|mroreo328's rating: 1351 &rarr; <strong>1322</strong><br />(-29 for losing)\n|l|\u2606mroreo328\n|player|p2|\n", "uploadtime": 1776803782, "views": 3, "formatid": "gen9championsbssregma", "rating": 1227, "private": 0, "password": null}