{"id": "gen9championsbssregma-2589729717", "format": "[Gen 9 Champions] BSS Reg M-A", "players": ["xyzz612", "Cold Steel III"], "log": "|j|\u2606xyzz612\n|j|\u2606Cold Steel III\n|t:|1776752844\n|gametype|singles\n|player|p1|xyzz612|265|1206\n|player|p2|Cold Steel III|ash|1209\n|gen|9\n|tier|[Gen 9 Champions] BSS Reg M-A\n|rated|\n|rule|Species Clause: Limit one of each Pok\u00e9mon\n|rule|Item Clause: Limit 1 of each item\n|clearpoke\n|poke|p1|Garchomp, L50, M|\n|poke|p1|Charizard, L50, F|\n|poke|p1|Tyranitar, L50, F|\n|poke|p1|Excadrill, L50, M|\n|poke|p1|Mimikyu, L50, F|\n|poke|p1|Starmie, L50|\n|poke|p2|Starmie, L50|\n|poke|p2|Bellibolt, L50, M|\n|poke|p2|Corviknight, L50, F|\n|poke|p2|Venusaur, L50, F|\n|poke|p2|Hydreigon, L50, F|\n|poke|p2|Toxapex, L50, M|\n|teampreview|3\n|inactive|Battle timer is ON: inactive players will automatically lose when time's up. (requested by Cold Steel III)\n|inactive|xyzz612 has 60 seconds left.\n|\n|t:|1776752884\n|teamsize|p1|3\n|teamsize|p2|3\n|start\n|switch|p1a: Garchomp|Garchomp, L50, M|100/100\n|switch|p2a: Corviknight|Corviknight, L50, F|100/100\n|turn|1\n|\n|t:|1776752897\n|switch|p1a: Charizard|Charizard, L50, F|100/100\n|move|p2a: Corviknight|Iron Defense|p2a: Corviknight\n|-boost|p2a: Corviknight|def|2\n|\n|upkeep\n|turn|2\n|\n|t:|1776752918\n|switch|p2a: Bellibolt|Bellibolt, L50, M|100/100\n|detailschange|p1a: Charizard|Charizard-Mega-Y, L50, F\n|-mega|p1a: Charizard|Charizard|Charizardite Y\n|-weather|SunnyDay|[from] ability: Drought|[of] p1a: Charizard\n|move|p1a: Charizard|Solar Beam||[still]\n|-prepare|p1a: Charizard|Solar Beam\n|-anim|p1a: Charizard|Solar Beam|p2a: Bellibolt\n|-damage|p2a: Bellibolt|68/100\n|-start|p2a: Bellibolt|Charge|Solar Beam|[from] ability: Electromorphosis\n|\n|-weather|SunnyDay|[upkeep]\n|upkeep\n|turn|3\n|\n|t:|1776752938\n|move|p1a: Charizard|Fire Blast|p2a: Bellibolt\n|-damage|p2a: Bellibolt|2/100\n|-start|p2a: Bellibolt|Charge|Fire Blast|[from] ability: Electromorphosis\n|-enditem|p2a: Bellibolt|Sitrus Berry|[eat]\n|-heal|p2a: Bellibolt|27/100|[from] item: Sitrus Berry\n|move|p2a: Bellibolt|Slack Off|p2a: Bellibolt\n|-heal|p2a: Bellibolt|77/100\n|\n|-weather|SunnyDay|[upkeep]\n|upkeep\n|turn|4\n|\n|t:|1776752954\n|switch|p1a: Garchomp|Garchomp, L50, M|100/100\n|move|p2a: Bellibolt|Parabolic Charge|p1a: Garchomp\n|-immune|p1a: Garchomp\n|-end|p2a: Bellibolt|Charge|[silent]\n|\n|-weather|SunnyDay|[upkeep]\n|upkeep\n|turn|5\n|\n|t:|1776752964\n|switch|p2a: Corviknight|Corviknight, L50, F|100/100\n|move|p1a: Garchomp|Fire Blast|p2a: Corviknight\n|-supereffective|p2a: Corviknight|1\n|-damage|p2a: Corviknight|43/100\n|\n|-weather|SunnyDay|[upkeep]\n|-heal|p2a: Corviknight|49/100|[from] item: Leftovers\n|upkeep\n|turn|6\n|\n|t:|1776752980\n|switch|p2a: Toxapex|Toxapex, L50, M|100/100\n|move|p1a: Garchomp|Fire Blast|p2a: Toxapex|[miss]\n|-miss|p1a: Garchomp|p2a: Toxapex\n|\n|-weather|none\n|upkeep\n|turn|7\n|\n|t:|1776752991\n|switch|p1a: Mimikyu|Mimikyu, L50, F|100/100\n|move|p2a: Toxapex|Toxic|p1a: Mimikyu\n|-status|p1a: Mimikyu|tox\n|\n|-damage|p1a: Mimikyu|94/100 tox|[from] psn\n|upkeep\n|turn|8\n|\n|t:|1776752998\n|move|p1a: Mimikyu|Swords Dance|p1a: Mimikyu\n|-boost|p1a: Mimikyu|atk|2\n|move|p2a: Toxapex|Haze|p2a: Toxapex\n|-clearallboost\n|\n|-damage|p1a: Mimikyu|82/100 tox|[from] psn\n|upkeep\n|turn|9\n|\n|t:|1776753005\n|switch|p1a: Garchomp|Garchomp, L50, M|100/100\n|move|p2a: Toxapex|Payback|p1a: Garchomp\n|-damage|p1a: Garchomp|92/100\n|-damage|p2a: Toxapex|88/100|[from] ability: Rough Skin|[of] p1a: Garchomp\n|\n|upkeep\n|turn|10\n|\n|t:|1776753013\n|switch|p1a: Charizard|Charizard-Mega-Y, L50, F|100/100\n|-weather|SunnyDay|[from] ability: Drought|[of] p1a: Charizard\n|move|p2a: Toxapex|Toxic|p1a: Charizard\n|-status|p1a: Charizard|tox\n|\n|-weather|SunnyDay|[upkeep]\n|-damage|p1a: Charizard|95/100 tox|[from] psn\n|upkeep\n|turn|11\n|\n|t:|1776753030\n|move|p1a: Charizard|Solar Beam||[still]\n|-prepare|p1a: Charizard|Solar Beam\n|-anim|p1a: Charizard|Solar Beam|p2a: Toxapex\n|-damage|p2a: Toxapex|58/100\n|move|p2a: Toxapex|Recover|p2a: Toxapex\n|-heal|p2a: Toxapex|100/100\n|\n|-weather|SunnyDay|[upkeep]\n|-damage|p1a: Charizard|83/100 tox|[from] psn\n|upkeep\n|turn|12\n|\n|t:|1776753041\n|switch|p1a: Garchomp|Garchomp, L50, M|92/100\n|move|p2a: Toxapex|Toxic|p1a: Garchomp\n|-status|p1a: Garchomp|tox\n|\n|-weather|SunnyDay|[upkeep]\n|-damage|p1a: Garchomp|86/100 tox|[from] psn\n|upkeep\n|turn|13\n|\n|t:|1776753064\n|switch|p2a: Corviknight|Corviknight, L50, F|49/100\n|move|p1a: Garchomp|Earthquake|p2a: Corviknight\n|-immune|p2a: Corviknight\n|\n|-weather|SunnyDay|[upkeep]\n|-heal|p2a: Corviknight|55/100|[from] item: Leftovers\n|-damage|p1a: Garchomp|75/100 tox|[from] psn\n|upkeep\n|turn|14\n|\n|t:|1776753078\n|switch|p2a: Toxapex|Toxapex, L50, M|100/100\n|move|p1a: Garchomp|Earthquake|p2a: Toxapex\n|-supereffective|p2a: Toxapex|1\n|-damage|p2a: Toxapex|16/100\n|\n|-weather|none\n|-damage|p1a: Garchomp|57/100 tox|[from] psn\n|upkeep\n|turn|15\n|\n|t:|1776753089\n|switch|p1a: Charizard|Charizard-Mega-Y, L50, F|83/100 tox\n|-weather|SunnyDay|[from] ability: Drought|[of] p1a: Charizard\n|switch|p2a: Corviknight|Corviknight, L50, F|55/100\n|\n|-weather|SunnyDay|[upkeep]\n|-heal|p2a: Corviknight|61/100|[from] item: Leftovers\n|-damage|p1a: Charizard|77/100 tox|[from] psn\n|upkeep\n|turn|16\n|\n|t:|1776753109\n|switch|p2a: Bellibolt|Bellibolt, L50, M|77/100\n|move|p1a: Charizard|Fire Blast|p2a: Bellibolt|[miss]\n|-miss|p1a: Charizard|p2a: Bellibolt\n|\n|-weather|SunnyDay|[upkeep]\n|-damage|p1a: Charizard|66/100 tox|[from] psn\n|upkeep\n|turn|17\n|\n|t:|1776753118\n|switch|p2a: Toxapex|Toxapex, L50, M|50/100\n|move|p1a: Charizard|Fire Blast|p2a: Toxapex|[miss]\n|-miss|p1a: Charizard|p2a: Toxapex\n|\n|-weather|SunnyDay|[upkeep]\n|-damage|p1a: Charizard|48/100 tox|[from] psn\n|upkeep\n|turn|18\n|inactive|Cold Steel III has 30 seconds left.\n|\n|t:|1776753153\n|switch|p1a: Garchomp|Garchomp, L50, M|57/100 tox\n|switch|p2a: Bellibolt|Bellibolt, L50, M|77/100\n|\n|-weather|SunnyDay|[upkeep]\n|-damage|p1a: Garchomp|51/100 tox|[from] psn\n|upkeep\n|turn|19\n|\n|t:|1776753166\n|move|p1a: Garchomp|Fire Blast|p2a: Bellibolt\n|-damage|p2a: Bellibolt|55/100\n|-start|p2a: Bellibolt|Charge|Fire Blast|[from] ability: Electromorphosis\n|move|p2a: Bellibolt|Slack Off|p2a: Bellibolt\n|-heal|p2a: Bellibolt|100/100\n|\n|-weather|none\n|-damage|p1a: Garchomp|39/100 tox|[from] psn\n|upkeep\n|turn|20\n|\n|t:|1776753183\n|switch|p1a: Mimikyu|Mimikyu, L50, F|82/100 tox\n|move|p2a: Bellibolt|Parabolic Charge|p1a: Mimikyu\n|-activate|p1a: Mimikyu|ability: Disguise\n|-damage|p1a: Mimikyu|82/100 tox\n|detailschange|p1a: Mimikyu|Mimikyu-Busted, L50, F\n|-damage|p1a: Mimikyu|70/100 tox|[from] pokemon: Mimikyu-Busted\n|-end|p2a: Bellibolt|Charge|[silent]\n|\n|-damage|p1a: Mimikyu|64/100 tox|[from] psn\n|upkeep\n|turn|21\n|\n|t:|1776753196\n|move|p1a: Mimikyu|Swords Dance|p1a: Mimikyu\n|-boost|p1a: Mimikyu|atk|2\n|move|p2a: Bellibolt|Parabolic Charge|p1a: Mimikyu\n|-damage|p1a: Mimikyu|34/100 tox\n|\n|-damage|p1a: Mimikyu|22/100 tox|[from] psn\n|upkeep\n|turn|22\n|\n|t:|1776753215\n|move|p1a: Mimikyu|Shadow Claw|p2a: Bellibolt\n|-damage|p2a: Bellibolt|37/100\n|-start|p2a: Bellibolt|Charge|Shadow Claw|[from] ability: Electromorphosis\n|move|p2a: Bellibolt|Slack Off|p2a: Bellibolt\n|-heal|p2a: Bellibolt|87/100\n|\n|-damage|p1a: Mimikyu|4/100 tox|[from] psn\n|upkeep\n|turn|23\n|\n|t:|1776753222\n|move|p1a: Mimikyu|Shadow Claw|p2a: Bellibolt\n|-damage|p2a: Bellibolt|27/100\n|-start|p2a: Bellibolt|Charge|Shadow Claw|[from] ability: Electromorphosis\n|move|p2a: Bellibolt|Slack Off|p2a: Bellibolt\n|-heal|p2a: Bellibolt|77/100\n|\n|-damage|p1a: Mimikyu|0 fnt|[from] psn\n|faint|p1a: Mimikyu\n|upkeep\n|\n|t:|1776753230\n|switch|p1a: Garchomp|Garchomp, L50, M|39/100 tox\n|turn|24\n|\n|t:|1776753237\n|move|p1a: Garchomp|Earthquake|p2a: Bellibolt\n|-supereffective|p2a: Bellibolt|1\n|-damage|p2a: Bellibolt|0 fnt\n|faint|p2a: Bellibolt\n|\n|-damage|p1a: Garchomp|33/100 tox|[from] psn\n|upkeep\n|\n|t:|1776753240\n|switch|p2a: Corviknight|Corviknight, L50, F|61/100\n|turn|25\n|\n|t:|1776753260\n|switch|p1a: Charizard|Charizard-Mega-Y, L50, F|48/100 tox\n|-weather|SunnyDay|[from] ability: Drought|[of] p1a: Charizard\n|move|p2a: Corviknight|U-turn|p1a: Charizard\n|-resisted|p1a: Charizard|2\n|-crit|p1a: Charizard\n|-damage|p1a: Charizard|41/100 tox\n|\n|t:|1776753263\n|switch|p2a: Toxapex|Toxapex, L50, M|83/100|[from] U-turn\n|\n|-weather|SunnyDay|[upkeep]\n|-damage|p1a: Charizard|35/100 tox|[from] psn\n|upkeep\n|turn|26\n|\n|t:|1776753277\n|switch|p1a: Garchomp|Garchomp, L50, M|33/100 tox\n|move|p2a: Toxapex|Payback|p1a: Garchomp\n|-damage|p1a: Garchomp|24/100 tox\n|-damage|p2a: Toxapex|71/100|[from] ability: Rough Skin|[of] p1a: Garchomp\n|\n|-weather|SunnyDay|[upkeep]\n|-damage|p1a: Garchomp|18/100 tox|[from] psn\n|upkeep\n|turn|27\n|\n|t:|1776753289\n|switch|p2a: Corviknight|Corviknight, L50, F|61/100\n|move|p1a: Garchomp|Fire Blast|p2a: Corviknight\n|-supereffective|p2a: Corviknight|1\n|-damage|p2a: Corviknight|3/100\n|\n|-weather|SunnyDay|[upkeep]\n|-heal|p2a: Corviknight|9/100|[from] item: Leftovers\n|-damage|p1a: Garchomp|6/100 tox|[from] psn\n|upkeep\n|turn|28\n|\n|t:|1776753302\n|switch|p1a: Charizard|Charizard-Mega-Y, L50, F|35/100 tox\n|switch|p2a: Toxapex|Toxapex, L50, M|100/100\n|\n|-weather|SunnyDay|[upkeep]\n|-damage|p1a: Charizard|30/100 tox|[from] psn\n|upkeep\n|turn|29\n|\n|t:|1776753313\n|move|p1a: Charizard|Solar Beam||[still]\n|-prepare|p1a: Charizard|Solar Beam\n|-anim|p1a: Charizard|Solar Beam|p2a: Toxapex|[miss]\n|-miss|p1a: Charizard|p2a: Toxapex\n|move|p2a: Toxapex|Recover||[still]\n|-fail|p2a: Toxapex|heal\n|\n|-weather|none\n|-damage|p1a: Charizard|18/100 tox|[from] psn\n|upkeep\n|turn|30\n|\n|t:|1776753322\n|move|p1a: Charizard|Ancient Power|p2a: Toxapex\n|-damage|p2a: Toxapex|85/100\n|move|p2a: Toxapex|Payback|p1a: Charizard\n|-damage|p1a: Charizard|0 fnt\n|faint|p1a: Charizard\n|\n|upkeep\n|\n|t:|1776753325\n|switch|p1a: Garchomp|Garchomp, L50, M|6/100 tox\n|turn|31\n|\n|t:|1776753332\n|switch|p2a: Corviknight|Corviknight, L50, F|9/100\n|move|p1a: Garchomp|Earthquake|p2a: Corviknight\n|-immune|p2a: Corviknight\n|\n|-heal|p2a: Corviknight|15/100|[from] item: Leftovers\n|-damage|p1a: Garchomp|0 fnt|[from] psn\n|faint|p1a: Garchomp\n|\n|win|Cold Steel III\n|raw|xyzz612's rating: 1206 &rarr; <strong>1181</strong><br />(-25 for losing)\n|raw|Cold Steel III's rating: 1209 &rarr; <strong>1234</strong><br />(+25 for winning)\n|l|\u2606xyzz612\n|player|p1|\n", "uploadtime": 1776753346, "views": 14, "formatid": "gen9championsbssregma", "rating": 1181, "private": 0, "password": null}