{"id": "gen9championsbssregma-2593967699", "format": "[Gen 9 Champions] BSS Reg M-A", "players": ["Lunartul", "Mimiqui1"], "log": "|j|\u2606Lunartul\n|j|\u2606Mimiqui1\n|t:|1777143658\n|gametype|singles\n|player|p1|Lunartul|volkner|1248\n|player|p2|Mimiqui1|102|1289\n|gen|9\n|tier|[Gen 9 Champions] BSS Reg M-A\n|rated|\n|rule|Species Clause: Limit one of each Pok\u00e9mon\n|rule|Item Clause: Limit 1 of each item\n|clearpoke\n|poke|p1|Charizard, L50, F|\n|poke|p1|Hippowdon, L50, F|\n|poke|p1|Primarina, L50, F|\n|poke|p1|Meowscarada, L50, F|\n|poke|p1|Sneasler, L50, F|\n|poke|p1|Starmie, L50|\n|poke|p2|Trevenant, L50, M|\n|poke|p2|Toxapex, L50, F|\n|poke|p2|Umbreon, L50, F|\n|poke|p2|Venusaur, L50, M|\n|poke|p2|Goodra-Hisui, L50, M|\n|poke|p2|Scovillain, L50, M|\n|teampreview|3\n|\n|t:|1777143691\n|teamsize|p1|3\n|teamsize|p2|3\n|start\n|switch|p1a: Meowscarada|Meowscarada, L50, F|100/100\n|switch|p2a: Goodra|Goodra-Hisui, L50, M|100/100\n|turn|1\n|inactive|Battle timer is ON: inactive players will automatically lose when time's up. (requested by Lunartul)\n|\n|t:|1777143733\n|move|p1a: Meowscarada|Play Rough|p2a: Goodra\n|-start|p1a: Meowscarada|typechange|Fairy|[from] ability: Protean\n|-damage|p2a: Goodra|72/100\n|-ability|p2a: Goodra|Gooey\n|-unboost|p1a: Meowscarada|spe|1\n|move|p2a: Goodra|Shelter|p2a: Goodra\n|-boost|p2a: Goodra|def|2\n|\n|upkeep\n|turn|2\n|\n|t:|1777143751\n|move|p1a: Meowscarada|Play Rough|p2a: Goodra\n|-damage|p2a: Goodra|57/100\n|-ability|p2a: Goodra|Gooey\n|-unboost|p1a: Meowscarada|spe|1\n|move|p2a: Goodra|Body Press|p1a: Meowscarada\n|-resisted|p1a: Meowscarada|1\n|-damage|p1a: Meowscarada|57/100\n|\n|upkeep\n|turn|3\n|\n|t:|1777143775\n|switch|p1a: Charizard|Charizard, L50, F|100/100\n|move|p2a: Goodra|Body Press|p1a: Charizard\n|-resisted|p1a: Charizard|1\n|-damage|p1a: Charizard|68/100\n|\n|upkeep\n|turn|4\n|\n|t:|1777143786\n|detailschange|p1a: Charizard|Charizard-Mega-Y, L50, F\n|-mega|p1a: Charizard|Charizard|Charizardite Y\n|-weather|SunnyDay|[from] ability: Drought|[of] p1a: Charizard\n|move|p1a: Charizard|Flamethrower|p2a: Goodra\n|-damage|p2a: Goodra|2/100\n|move|p2a: Goodra|Dragon Tail|p1a: Charizard\n|-damage|p1a: Charizard|40/100\n|drag|p1a: Meowscarada|Meowscarada, L50, F|57/100\n|\n|-weather|SunnyDay|[upkeep]\n|upkeep\n|turn|5\n|\n|t:|1777143801\n|move|p1a: Meowscarada|U-turn|p2a: Goodra\n|-start|p1a: Meowscarada|typechange|Bug|[from] ability: Protean\n|-resisted|p2a: Goodra|1\n|-damage|p2a: Goodra|0 fnt\n|-ability|p2a: Goodra|Gooey\n|-unboost|p1a: Meowscarada|spe|1\n|faint|p2a: Goodra\n|\n|t:|1777143812\n|switch|p1a: Charizard|Charizard-Mega-Y, L50, F|40/100|[from] U-turn\n|\n|-weather|SunnyDay|[upkeep]\n|upkeep\n|inactive|Mimiqui1 has 30 seconds left.\n|\n|t:|1777143840\n|switch|p2a: Toxapex|Toxapex, L50, F|100/100\n|turn|6\n|\n|t:|1777143862\n|move|p1a: Charizard|Solar Beam||[still]\n|-prepare|p1a: Charizard|Solar Beam\n|-anim|p1a: Charizard|Solar Beam|p2a: Toxapex\n|-damage|p2a: Toxapex|70/100\n|move|p2a: Toxapex|Toxic|p1a: Charizard\n|-status|p1a: Charizard|tox\n|\n|-weather|SunnyDay|[upkeep]\n|-damage|p1a: Charizard|35/100 tox|[from] psn\n|upkeep\n|turn|7\n|\n|t:|1777143875\n|move|p1a: Charizard|Solar Beam||[still]\n|-prepare|p1a: Charizard|Solar Beam\n|-anim|p1a: Charizard|Solar Beam|p2a: Toxapex\n|-damage|p2a: Toxapex|39/100\n|move|p2a: Toxapex|Recover|p2a: Toxapex\n|-heal|p2a: Toxapex|90/100\n|\n|-weather|SunnyDay|[upkeep]\n|-damage|p1a: Charizard|23/100 tox|[from] psn\n|upkeep\n|turn|8\n|\n|t:|1777143899\n|switch|p1a: Meowscarada|Meowscarada, L50, F|57/100\n|move|p2a: Toxapex|Recover|p2a: Toxapex\n|-heal|p2a: Toxapex|100/100\n|\n|-weather|none\n|upkeep\n|turn|9\n|\n|t:|1777143911\n|move|p1a: Meowscarada|Knock Off|p2a: Toxapex\n|-start|p1a: Meowscarada|typechange|Dark|[from] ability: Protean\n|-damage|p2a: Toxapex|62/100\n|-enditem|p2a: Toxapex|Shuca Berry|[from] move: Knock Off|[of] p1a: Meowscarada\n|move|p2a: Toxapex|Toxic|p1a: Meowscarada\n|-status|p1a: Meowscarada|tox\n|\n|-damage|p1a: Meowscarada|51/100 tox|[from] psn\n|upkeep\n|turn|10\n|inactive|Mimiqui1 has 30 seconds left.\n|\n|t:|1777143937\n|move|p1a: Meowscarada|Knock Off|p2a: Toxapex\n|-damage|p2a: Toxapex|39/100\n|move|p2a: Toxapex|Recover|p2a: Toxapex\n|-heal|p2a: Toxapex|89/100\n|\n|-damage|p1a: Meowscarada|40/100 tox|[from] psn\n|upkeep\n|turn|11\n|\n|t:|1777143951\n|switch|p1a: Sneasler|Sneasler, L50, F|100/100\n|move|p2a: Toxapex|Recover|p2a: Toxapex\n|-heal|p2a: Toxapex|100/100\n|\n|upkeep\n|turn|12\n|\n|t:|1777143961\n|move|p1a: Sneasler|Swords Dance|p1a: Sneasler\n|-boost|p1a: Sneasler|atk|2\n|move|p2a: Toxapex|Chilling Water|p1a: Sneasler\n|-damage|p1a: Sneasler|86/100\n|-unboost|p1a: Sneasler|atk|1\n|\n|upkeep\n|turn|13\n|\n|t:|1777143977\n|move|p1a: Sneasler|Swords Dance|p1a: Sneasler\n|-boost|p1a: Sneasler|atk|2\n|move|p2a: Toxapex|Haze|p2a: Toxapex\n|-clearallboost\n|\n|upkeep\n|turn|14\n|\n|t:|1777143986\n|switch|p2a: Trevenant|Trevenant, L50, M|100/100\n|move|p1a: Sneasler|Swords Dance|p1a: Sneasler\n|-boost|p1a: Sneasler|atk|2\n|\n|upkeep\n|turn|15\n|\n|t:|1777144001\n|move|p1a: Sneasler|Throat Chop|p2a: Trevenant\n|-supereffective|p2a: Trevenant|1\n|-crit|p2a: Trevenant\n|-damage|p2a: Trevenant|0 fnt\n|faint|p2a: Trevenant\n|\n|upkeep\n|-message|Mimiqui1 forfeited.\n|\n|win|Lunartul\n|raw|Lunartul's rating: 1248 &rarr; <strong>1276</strong><br />(+28 for winning)\n|raw|Mimiqui1's rating: 1289 &rarr; <strong>1261</strong><br />(-28 for losing)\n|l|\u2606Mimiqui1\n|player|p2|\n", "uploadtime": 1777144008, "views": 12, "formatid": "gen9championsbssregma", "rating": 1261, "private": 0, "password": null}