{"id": "gen9championsbssregma-2590057051", "format": "[Gen 9 Champions] BSS Reg M-A", "players": ["gshs5", "Mikeflem12326171"], "log": "|j|\u2606gshs5\n|j|\u2606Mikeflem12326171\n|t:|1776784192\n|gametype|singles\n|player|p1|gshs5|101|1133\n|player|p2|Mikeflem12326171|colress|1209\n|gen|9\n|tier|[Gen 9 Champions] BSS Reg M-A\n|rated|\n|rule|Species Clause: Limit one of each Pok\u00e9mon\n|rule|Item Clause: Limit 1 of each item\n|clearpoke\n|poke|p1|Venusaur, L50, F|\n|poke|p1|Hippowdon, L50, M|\n|poke|p1|Aegislash, L50, M|\n|poke|p1|Altaria, L50, F|\n|poke|p1|Rotom-Wash, L50|\n|poke|p1|Scovillain, L50, M|\n|poke|p2|Pelipper, L50, F|\n|poke|p2|Greninja, L50, F|\n|poke|p2|Basculegion, L50, M|\n|poke|p2|Rotom-Wash, L50, shiny|\n|poke|p2|Clefable, L50, M|\n|poke|p2|Sneasler, L50, M|\n|teampreview|3\n|inactive|Battle timer is ON: inactive players will automatically lose when time's up. (requested by gshs5)\n|\n|t:|1776784226\n|teamsize|p1|3\n|teamsize|p2|3\n|start\n|switch|p1a: Aegislash|Aegislash, L50, M|100/100\n|switch|p2a: Pelipper|Pelipper, L50, F|100/100\n|-weather|RainDance|[from] ability: Drizzle|[of] p2a: Pelipper\n|turn|1\n|\n|t:|1776784235\n|move|p2a: Pelipper|Surf|p1a: Aegislash\n|-damage|p1a: Aegislash|35/100\n|-formechange|p1a: Aegislash|Aegislash-Blade|\n|move|p1a: Aegislash|Head Smash|p2a: Pelipper\n|-supereffective|p2a: Pelipper|1\n|-enditem|p2a: Pelipper|Focus Sash\n|-damage|p2a: Pelipper|1/100\n|-damage|p1a: Aegislash|0 fnt|[from] Recoil\n|faint|p1a: Aegislash\n|\n|-weather|RainDance|[upkeep]\n|upkeep\n|\n|t:|1776784240\n|switch|p1a: Rotom|Rotom-Wash, L50|100/100\n|turn|2\n|\n|t:|1776784261\n|move|p2a: Pelipper|Surf|p1a: Rotom\n|-resisted|p1a: Rotom|1\n|-damage|p1a: Rotom|67/100\n|move|p1a: Rotom|Thunderbolt|p2a: Pelipper\n|-supereffective|p2a: Pelipper|2\n|-damage|p2a: Pelipper|0 fnt\n|faint|p2a: Pelipper\n|\n|-weather|RainDance|[upkeep]\n|upkeep\n|\n|t:|1776784265\n|switch|p2a: Clefable|Clefable, L50, M|100/100\n|turn|3\n|\n|t:|1776784270\n|move|p1a: Rotom|Thunder Wave|p2a: Clefable\n|-status|p2a: Clefable|par\n|cant|p2a: Clefable|par\n|\n|-weather|RainDance|[upkeep]\n|upkeep\n|turn|4\n|\n|t:|1776784274\n|switch|p1a: Venusaur|Venusaur, L50, F|100/100\n|move|p2a: Clefable|Cosmic Power|p2a: Clefable\n|-boost|p2a: Clefable|def|1\n|-boost|p2a: Clefable|spd|1\n|\n|-weather|RainDance|[upkeep]\n|upkeep\n|turn|5\n|\n|t:|1776784280\n|detailschange|p1a: Venusaur|Venusaur-Mega, L50, F\n|-mega|p1a: Venusaur|Venusaur|Venusaurite\n|move|p1a: Venusaur|Sludge Wave|p2a: Clefable\n|-supereffective|p2a: Clefable|1\n|-damage|p2a: Clefable|68/100 par\n|move|p2a: Clefable|Cosmic Power|p2a: Clefable\n|-boost|p2a: Clefable|def|1\n|-boost|p2a: Clefable|spd|1\n|\n|-weather|none\n|-heal|p2a: Clefable|74/100 par|[from] item: Leftovers\n|upkeep\n|turn|6\n|\n|t:|1776784289\n|move|p1a: Venusaur|Leech Seed|p2a: Clefable\n|-start|p2a: Clefable|move: Leech Seed\n|move|p2a: Clefable|Cosmic Power|p2a: Clefable\n|-boost|p2a: Clefable|def|1\n|-boost|p2a: Clefable|spd|1\n|\n|-heal|p2a: Clefable|80/100 par|[from] item: Leftovers\n|-damage|p2a: Clefable|67/100 par|[from] Leech Seed|[of] p1a: Venusaur\n|upkeep\n|turn|7\n|\n|t:|1776784294\n|move|p1a: Venusaur|Sludge Wave|p2a: Clefable\n|-supereffective|p2a: Clefable|1\n|-damage|p2a: Clefable|47/100 par\n|move|p2a: Clefable|Stored Power|p1a: Venusaur\n|-supereffective|p1a: Venusaur|1\n|-damage|p1a: Venusaur|48/100\n|\n|-heal|p2a: Clefable|52/100 par|[from] item: Leftovers\n|-damage|p2a: Clefable|40/100 par|[from] Leech Seed|[of] p1a: Venusaur\n|-heal|p1a: Venusaur|61/100|[silent]\n|upkeep\n|turn|8\n|\n|t:|1776784300\n|move|p1a: Venusaur|Sludge Wave|p2a: Clefable\n|-supereffective|p2a: Clefable|1\n|-damage|p2a: Clefable|16/100 par\n|move|p2a: Clefable|Moonlight|p2a: Clefable\n|-heal|p2a: Clefable|66/100 par\n|\n|-heal|p2a: Clefable|72/100 par|[from] item: Leftovers\n|-damage|p2a: Clefable|60/100 par|[from] Leech Seed|[of] p1a: Venusaur\n|-heal|p1a: Venusaur|75/100|[silent]\n|upkeep\n|turn|9\n|\n|t:|1776784306\n|move|p1a: Venusaur|Sludge Wave|p2a: Clefable\n|-supereffective|p2a: Clefable|1\n|-damage|p2a: Clefable|39/100 par\n|move|p2a: Clefable|Cosmic Power|p2a: Clefable\n|-boost|p2a: Clefable|def|1\n|-boost|p2a: Clefable|spd|1\n|\n|-heal|p2a: Clefable|45/100 par|[from] item: Leftovers\n|-damage|p2a: Clefable|33/100 par|[from] Leech Seed|[of] p1a: Venusaur\n|-heal|p1a: Venusaur|88/100|[silent]\n|upkeep\n|turn|10\n|\n|t:|1776784311\n|move|p1a: Venusaur|Sludge Wave|p2a: Clefable\n|-supereffective|p2a: Clefable|1\n|-damage|p2a: Clefable|15/100 par\n|cant|p2a: Clefable|par\n|\n|-heal|p2a: Clefable|21/100 par|[from] item: Leftovers\n|-damage|p2a: Clefable|8/100 par|[from] Leech Seed|[of] p1a: Venusaur\n|-heal|p1a: Venusaur|100/100|[silent]\n|upkeep\n|turn|11\n|\n|t:|1776784315\n|move|p1a: Venusaur|Sludge Wave|p2a: Clefable\n|-supereffective|p2a: Clefable|1\n|-damage|p2a: Clefable|0 fnt\n|faint|p2a: Clefable\n|\n|upkeep\n|\n|t:|1776784317\n|switch|p2a: Basculegion|Basculegion, L50, M|100/100\n|turn|12\n|\n|t:|1776784322\n|move|p2a: Basculegion|Last Respects|p1a: Venusaur\n|-damage|p1a: Venusaur|40/100\n|move|p1a: Venusaur|Sludge Wave|p2a: Basculegion\n|-resisted|p2a: Basculegion|1\n|-damage|p2a: Basculegion|79/100\n|\n|upkeep\n|turn|13\n|\n|t:|1776784329\n|move|p2a: Basculegion|Last Respects|p1a: Venusaur\n|-damage|p1a: Venusaur|0 fnt\n|faint|p1a: Venusaur\n|\n|upkeep\n|\n|t:|1776784332\n|switch|p1a: Rotom|Rotom-Wash, L50|67/100\n|turn|14\n|\n|t:|1776784337\n|move|p2a: Basculegion|Last Respects|p1a: Rotom\n|-damage|p1a: Rotom|0 fnt\n|faint|p1a: Rotom\n|\n|win|Mikeflem12326171\n|raw|gshs5's rating: 1133 &rarr; <strong>1113</strong><br />(-20 for losing)\n|raw|Mikeflem12326171's rating: 1209 &rarr; <strong>1229</strong><br />(+20 for winning)\n", "uploadtime": 1776784339, "views": 3, "formatid": "gen9championsbssregma", "rating": 1113, "private": 0, "password": null}