{"id": "gen9championsbssregma-2590081743", "format": "[Gen 9 Champions] BSS Reg M-A", "players": ["gshs5", "alvane98"], "log": "|j|\u2606gshs5\n|j|\u2606alvane98\n|t:|1776785768\n|gametype|singles\n|player|p1|gshs5|101|1164\n|player|p2|alvane98|266|1126\n|gen|9\n|tier|[Gen 9 Champions] BSS Reg M-A\n|rated|\n|rule|Species Clause: Limit one of each Pok\u00e9mon\n|rule|Item Clause: Limit 1 of each item\n|clearpoke\n|poke|p1|Venusaur, L50, F|\n|poke|p1|Hippowdon, L50, M|\n|poke|p1|Aegislash, L50, M|\n|poke|p1|Altaria, L50, F|\n|poke|p1|Rotom-Wash, L50|\n|poke|p1|Scovillain, L50, F|\n|poke|p2|Chimecho, L50, M|\n|poke|p2|Tyranitar, L50, M|\n|poke|p2|Excadrill, L50, M|\n|poke|p2|Alakazam, L50, M|\n|poke|p2|Meowscarada, L50, F|\n|poke|p2|Slowking, L50, F|\n|teampreview|3\n|inactive|Battle timer is ON: inactive players will automatically lose when time's up. (requested by alvane98)\n|inactive|alvane98 has 60 seconds left.\n|inactive|gshs5 has 60 seconds left.\n|\n|t:|1776785820\n|teamsize|p1|3\n|teamsize|p2|3\n|start\n|switch|p1a: Aegislash|Aegislash, L50, M|100/100\n|switch|p2a: Slowking|Slowking, L50, F|100/100\n|turn|1\n|\n|t:|1776785826\n|-formechange|p1a: Aegislash|Aegislash-Blade|\n|move|p1a: Aegislash|Shadow Ball|p2a: Slowking\n|-supereffective|p2a: Slowking|1\n|-damage|p2a: Slowking|16/100\n|move|p2a: Slowking|Scald|p1a: Aegislash\n|-damage|p1a: Aegislash|37/100\n|\n|upkeep\n|turn|2\n|\n|t:|1776785841\n|switch|p2a: Excadrill|Excadrill, L50, M|100/100\n|move|p1a: Aegislash|Close Combat|p2a: Excadrill\n|-supereffective|p2a: Excadrill|1\n|-damage|p2a: Excadrill|0 fnt\n|-unboost|p1a: Aegislash|def|1\n|-unboost|p1a: Aegislash|spd|1\n|faint|p2a: Excadrill\n|\n|upkeep\n|\n|t:|1776785846\n|switch|p2a: Chimecho|Chimecho, L50, M|100/100\n|turn|3\n|\n|t:|1776785856\n|detailschange|p2a: Chimecho|Chimecho-Mega, L50, M\n|-mega|p2a: Chimecho|Chimecho|Chimechite\n|move|p1a: Aegislash|Shadow Sneak|p2a: Chimecho\n|-supereffective|p2a: Chimecho|1\n|-damage|p2a: Chimecho|68/100\n|move|p2a: Chimecho|Calm Mind|p2a: Chimecho\n|-boost|p2a: Chimecho|spa|1\n|-boost|p2a: Chimecho|spd|1\n|\n|upkeep\n|turn|4\n|\n|t:|1776785866\n|move|p1a: Aegislash|Shadow Sneak|p2a: Chimecho\n|-supereffective|p2a: Chimecho|1\n|-damage|p2a: Chimecho|31/100\n|move|p2a: Chimecho|Psychic Noise|p1a: Aegislash\n|-resisted|p1a: Aegislash|1\n|-damage|p1a: Aegislash|0 fnt\n|faint|p1a: Aegislash\n|\n|upkeep\n|\n|t:|1776785872\n|switch|p1a: Hippowdon|Hippowdon, L50, M|100/100\n|-weather|Sandstorm|[from] ability: Sand Stream|[of] p1a: Hippowdon\n|turn|5\n|\n|t:|1776785878\n|move|p2a: Chimecho|Recover|p2a: Chimecho\n|-heal|p2a: Chimecho|81/100\n|move|p1a: Hippowdon|Yawn|p2a: Chimecho\n|-start|p2a: Chimecho|move: Yawn|[of] p1a: Hippowdon\n|\n|-weather|Sandstorm|[upkeep]\n|upkeep\n|turn|6\n|\n|t:|1776785883\n|switch|p2a: Slowking|Slowking, L50, F|50/100\n|move|p1a: Hippowdon|Stealth Rock|p2a: Slowking\n|-sidestart|p2: alvane98|move: Stealth Rock\n|\n|-weather|Sandstorm|[upkeep]\n|-damage|p2a: Slowking|44/100|[from] Sandstorm\n|upkeep\n|turn|7\n|\n|t:|1776785888\n|move|p1a: Hippowdon|Yawn|p2a: Slowking\n|-start|p2a: Slowking|move: Yawn|[of] p1a: Hippowdon\n|-prepare|p2a: Slowking|Chilly Reception|[premajor]\n|move|p2a: Slowking|Chilly Reception|p2a: Slowking\n|-weather|Snowscape\n|\n|t:|1776785891\n|switch|p2a: Chimecho|Chimecho-Mega, L50, M|81/100|[from] Chilly Reception\n|-damage|p2a: Chimecho|75/100|[from] Stealth Rock\n|\n|-weather|Snowscape|[upkeep]\n|upkeep\n|turn|8\n|\n|t:|1776785894\n|move|p2a: Chimecho|Psychic Noise|p1a: Hippowdon\n|-damage|p1a: Hippowdon|71/100\n|-start|p1a: Hippowdon|move: Heal Block\n|move|p1a: Hippowdon|Yawn|p2a: Chimecho\n|-start|p2a: Chimecho|move: Yawn|[of] p1a: Hippowdon\n|\n|-weather|Snowscape|[upkeep]\n|upkeep\n|turn|9\n|\n|t:|1776785907\n|switch|p2a: Slowking|Slowking, L50, F|77/100\n|-damage|p2a: Slowking|64/100|[from] Stealth Rock\n|move|p1a: Hippowdon|Yawn|p2a: Slowking\n|-start|p2a: Slowking|move: Yawn|[of] p1a: Hippowdon\n|\n|-weather|Snowscape|[upkeep]\n|-end|p1a: Hippowdon|move: Heal Block\n|upkeep\n|turn|10\n|\n|t:|1776785911\n|move|p1a: Hippowdon|Yawn||[still]\n|-fail|p1a: Hippowdon\n|move|p2a: Slowking|Scald|p1a: Hippowdon\n|-supereffective|p1a: Hippowdon|1\n|-damage|p1a: Hippowdon|28/100\n|\n|-weather|Snowscape|[upkeep]\n|-end|p2a: Slowking|move: Yawn|[silent]\n|-status|p2a: Slowking|slp\n|upkeep\n|turn|11\n|\n|t:|1776785922\n|move|p1a: Hippowdon|Slack Off|p1a: Hippowdon\n|-heal|p1a: Hippowdon|79/100\n|cant|p2a: Slowking|slp\n|\n|-weather|none\n|upkeep\n|turn|12\n|\n|t:|1776785933\n|move|p1a: Hippowdon|Earthquake|p2a: Slowking\n|-damage|p2a: Slowking|37/100 slp\n|-curestatus|p2a: Slowking|slp|[msg]\n|move|p2a: Slowking|Scald|p1a: Hippowdon\n|-supereffective|p1a: Hippowdon|1\n|-damage|p1a: Hippowdon|40/100\n|\n|upkeep\n|turn|13\n|\n|t:|1776785938\n|move|p1a: Hippowdon|Yawn|p2a: Slowking\n|-start|p2a: Slowking|move: Yawn|[of] p1a: Hippowdon\n|move|p2a: Slowking|Scald|p1a: Hippowdon\n|-supereffective|p1a: Hippowdon|1\n|-damage|p1a: Hippowdon|0 fnt\n|faint|p1a: Hippowdon\n|\n|upkeep\n|\n|t:|1776785943\n|switch|p1a: Altaria|Altaria, L50, F|100/100\n|-ability|p1a: Altaria|Cloud Nine\n|turn|14\n|\n|t:|1776785949\n|detailschange|p1a: Altaria|Altaria-Mega, L50, F\n|-mega|p1a: Altaria|Altaria|Altarianite\n|move|p1a: Altaria|Dragon Dance|p1a: Altaria\n|-boost|p1a: Altaria|atk|1\n|-boost|p1a: Altaria|spe|1\n|move|p2a: Slowking|Ice Beam|p1a: Altaria\n|-supereffective|p1a: Altaria|1\n|-damage|p1a: Altaria|51/100\n|-status|p1a: Altaria|frz\n|\n|-end|p2a: Slowking|move: Yawn|[silent]\n|-status|p2a: Slowking|slp\n|upkeep\n|turn|15\n|\n|t:|1776785956\n|cant|p1a: Altaria|frz\n|cant|p2a: Slowking|slp\n|\n|upkeep\n|turn|16\n|\n|t:|1776785959\n|-curestatus|p1a: Altaria|frz|[msg]\n|move|p1a: Altaria|Dragon Dance|p1a: Altaria\n|-boost|p1a: Altaria|atk|1\n|-boost|p1a: Altaria|spe|1\n|cant|p2a: Slowking|slp\n|\n|upkeep\n|turn|17\n|\n|t:|1776785962\n|move|p1a: Altaria|Earthquake|p2a: Slowking\n|-damage|p2a: Slowking|0 fnt\n|faint|p2a: Slowking\n|\n|upkeep\n|\n|t:|1776785966\n|switch|p2a: Chimecho|Chimecho-Mega, L50, M|75/100\n|-damage|p2a: Chimecho|69/100|[from] Stealth Rock\n|turn|18\n|\n|t:|1776785971\n|move|p1a: Altaria|Double-Edge|p2a: Chimecho\n|-resisted|p2a: Chimecho|1\n|-damage|p2a: Chimecho|4/100\n|-damage|p1a: Altaria|26/100|[from] Recoil\n|move|p2a: Chimecho|Boomburst|p1a: Altaria\n|-damage|p1a: Altaria|0 fnt\n|faint|p1a: Altaria\n|\n|win|alvane98\n|raw|gshs5's rating: 1164 &rarr; <strong>1136</strong><br />(-28 for losing)\n|raw|alvane98's rating: 1126 &rarr; <strong>1154</strong><br />(+28 for winning)\n|l|\u2606alvane98\n|player|p2|\n", "uploadtime": 1776785974, "views": 2, "formatid": "gen9championsbssregma", "rating": 1136, "private": 0, "password": null}