{"id": "gen9championsbssregma-2593501856", "format": "[Gen 9 Champions] BSS Reg M-A", "players": ["meteor1101", "Condamnation"], "log": "|j|\u2606meteor1101\n|j|\u2606Condamnation\n|t:|1777089410\n|gametype|singles\n|player|p1|meteor1101|1|1407\n|player|p2|Condamnation|veteranf|1543\n|gen|9\n|tier|[Gen 9 Champions] BSS Reg M-A\n|rated|\n|rule|Species Clause: Limit one of each Pok\u00e9mon\n|rule|Item Clause: Limit 1 of each item\n|clearpoke\n|poke|p1|Garchomp, L50, M|\n|poke|p1|Kangaskhan, L50, F|\n|poke|p1|Gengar, L50, M|\n|poke|p1|Corviknight, L50, M|\n|poke|p1|Primarina, L50, M|\n|poke|p1|Rotom-Heat, L50|\n|poke|p2|Kangaskhan, L50, F|\n|poke|p2|Garchomp, L50, M|\n|poke|p2|Primarina, L50, F|\n|poke|p2|Aegislash, L50, F|\n|poke|p2|Archaludon, L50, F|\n|poke|p2|Skeledirge, L50, M|\n|teampreview|3\n|inactive|Battle timer is ON: inactive players will automatically lose when time's up. (requested by meteor1101)\n|\n|t:|1777089455\n|teamsize|p1|3\n|teamsize|p2|3\n|start\n|switch|p1a: Primarina|Primarina, L50, M|100/100\n|switch|p2a: Kangaskhan|Kangaskhan, L50, F|100/100\n|turn|1\n|\n|t:|1777089462\n|switch|p1a: Corviknight|Corviknight, L50, M|100/100\n|detailschange|p2a: Kangaskhan|Kangaskhan-Mega, L50, F\n|-mega|p2a: Kangaskhan|Kangaskhan|Kangaskhanite\n|move|p2a: Kangaskhan|Fake Out|p1a: Corviknight\n|-resisted|p1a: Corviknight|1\n|-damage|p1a: Corviknight|93/100\n|-resisted|p1a: Corviknight|1\n|-damage|p1a: Corviknight|91/100\n|-hitcount|p1a: Corviknight|2\n|\n|-heal|p1a: Corviknight|97/100|[from] item: Leftovers\n|upkeep\n|turn|2\n|\n|t:|1777089467\n|move|p2a: Kangaskhan|Ice Punch|p1a: Corviknight\n|-damage|p1a: Corviknight|78/100\n|-damage|p1a: Corviknight|73/100\n|-hitcount|p1a: Corviknight|2\n|move|p1a: Corviknight|Iron Defense|p1a: Corviknight\n|-boost|p1a: Corviknight|def|2\n|\n|-heal|p1a: Corviknight|79/100|[from] item: Leftovers\n|upkeep\n|turn|3\n|\n|t:|1777089471\n|switch|p2a: Primarina|Primarina, L50, F|100/100\n|move|p1a: Corviknight|Body Press|p2a: Primarina\n|-resisted|p2a: Primarina|1\n|-damage|p2a: Primarina|80/100\n|\n|-heal|p1a: Corviknight|84/100|[from] item: Leftovers\n|upkeep\n|turn|4\n|\n|t:|1777089477\n|move|p2a: Primarina|Hydro Pump|p1a: Corviknight\n|-damage|p1a: Corviknight|36/100\n|move|p1a: Corviknight|Roost|p1a: Corviknight\n|-heal|p1a: Corviknight|86/100\n|-singleturn|p1a: Corviknight|move: Roost\n|\n|-heal|p1a: Corviknight|92/100|[from] item: Leftovers\n|upkeep\n|turn|5\n|\n|t:|1777089484\n|move|p2a: Primarina|Encore|p1a: Corviknight\n|-start|p1a: Corviknight|Encore\n|move|p1a: Corviknight|Roost|p1a: Corviknight\n|-heal|p1a: Corviknight|100/100\n|-singleturn|p1a: Corviknight|move: Roost\n|\n|upkeep\n|turn|6\n|\n|t:|1777089490\n|switch|p1a: Primarina|Primarina, L50, M|100/100\n|move|p2a: Primarina|Moonblast|p1a: Primarina\n|-damage|p1a: Primarina|55/100\n|\n|upkeep\n|turn|7\n|\n|t:|1777089505\n|move|p1a: Primarina|Calm Mind|p1a: Primarina\n|-boost|p1a: Primarina|spa|1\n|-boost|p1a: Primarina|spd|1\n|move|p2a: Primarina|Moonblast|p1a: Primarina\n|-damage|p1a: Primarina|24/100\n|-enditem|p1a: Primarina|Sitrus Berry|[eat]\n|-heal|p1a: Primarina|49/100|[from] item: Sitrus Berry\n|\n|upkeep\n|turn|8\n|\n|t:|1777089511\n|switch|p2a: Kangaskhan|Kangaskhan-Mega, L50, F|100/100\n|move|p1a: Primarina|Moonblast|p2a: Kangaskhan\n|-damage|p2a: Kangaskhan|34/100\n|\n|upkeep\n|turn|9\n|\n|t:|1777089521\n|switch|p1a: Corviknight|Corviknight, L50, M|100/100\n|move|p2a: Kangaskhan|Double-Edge|p1a: Corviknight\n|-resisted|p1a: Corviknight|1\n|-damage|p1a: Corviknight|76/100\n|-resisted|p1a: Corviknight|1\n|-damage|p1a: Corviknight|70/100\n|-hitcount|p1a: Corviknight|2\n|-damage|p2a: Kangaskhan|23/100|[from] Recoil\n|\n|-heal|p1a: Corviknight|76/100|[from] item: Leftovers\n|upkeep\n|turn|10\n|inactive|Condamnation has 30 seconds left.\n|\n|t:|1777089551\n|switch|p2a: Primarina|Primarina, L50, F|80/100\n|switch|p1a: Primarina|Primarina, L50, M|49/100\n|\n|upkeep\n|turn|11\n|\n|t:|1777089559\n|move|p1a: Primarina|Moonblast|p2a: Primarina\n|-damage|p2a: Primarina|38/100\n|move|p2a: Primarina|Moonblast|p1a: Primarina\n|-damage|p1a: Primarina|7/100\n|-unboost|p1a: Primarina|spa|1\n|\n|upkeep\n|turn|12\n|\n|t:|1777089571\n|move|p1a: Primarina|Moonblast|p2a: Primarina\n|-damage|p2a: Primarina|13/100\n|move|p2a: Primarina|Moonblast|p1a: Primarina\n|-damage|p1a: Primarina|0 fnt\n|faint|p1a: Primarina\n|\n|upkeep\n|\n|t:|1777089581\n|switch|p1a: Corviknight|Corviknight, L50, M|76/100\n|turn|13\n|\n|t:|1777089595\n|move|p2a: Primarina|Hydro Pump|p1a: Corviknight\n|-damage|p1a: Corviknight|8/100\n|move|p1a: Corviknight|Body Press|p2a: Primarina\n|-resisted|p2a: Primarina|1\n|-damage|p2a: Primarina|2/100\n|\n|-heal|p1a: Corviknight|14/100|[from] item: Leftovers\n|upkeep\n|turn|14\n|\n|t:|1777089608\n|switch|p1a: Gengar|Gengar, L50, M|100/100\n|move|p2a: Primarina|Hydro Pump|p1a: Gengar\n|-damage|p1a: Gengar|0 fnt\n|-start|p2a: Primarina|Disable|Hydro Pump|[from] ability: Cursed Body|[of] p1a: Gengar\n|faint|p1a: Gengar\n|\n|upkeep\n|-message|meteor1101 forfeited.\n|\n|win|Condamnation\n|raw|meteor1101's rating: 1407 &rarr; <strong>1394</strong><br />(-13 for losing)\n|raw|Condamnation's rating: 1543 &rarr; <strong>1556</strong><br />(+13 for winning)\n|l|\u2606meteor1101\n|player|p1|\n|l|\u2606Condamnation\n|player|p2|\n", "uploadtime": 1777089685, "views": 9, "formatid": "gen9championsbssregma", "rating": 1394, "private": 0, "password": null}