{"id": "gen9championsbssregma-2589693179", "format": "[Gen 9 Champions] BSS Reg M-A", "players": ["driflount drifloon", "bdnsndnsns"], "log": "|j|\u2606driflount drifloon\n|j|\u2606bdnsndnsns\n|t:|1776748036\n|gametype|singles\n|player|p1|driflount drifloon|brock|1169\n|player|p2|bdnsndnsns|hilbert-wonderlauncher|1200\n|gen|9\n|tier|[Gen 9 Champions] BSS Reg M-A\n|rated|\n|rule|Species Clause: Limit one of each Pok\u00e9mon\n|rule|Item Clause: Limit 1 of each item\n|clearpoke\n|poke|p1|Espathra, L50, F|\n|poke|p1|Lopunny, L50, M|\n|poke|p1|Slowbro, L50, F|\n|poke|p1|Clefable, L50, M|\n|poke|p1|Corviknight, L50, M|\n|poke|p1|Incineroar, L50, F|\n|poke|p2|Charizard, L50, F|\n|poke|p2|Venusaur, L50, F|\n|poke|p2|Blastoise, L50, F|\n|poke|p2|Raichu, L50, M|\n|poke|p2|Snorlax, L50, F|\n|poke|p2|Espeon, L50, M|\n|teampreview|3\n|inactive|Battle timer is ON: inactive players will automatically lose when time's up. (requested by driflount drifloon)\n|inactive|driflount drifloon has 60 seconds left.\n|inactive|driflount drifloon has 30 seconds left.\n|\n|t:|1776748104\n|teamsize|p1|3\n|teamsize|p2|3\n|start\n|switch|p1a: Espathra|Espathra, L50, F|100/100\n|switch|p2a: Blastoise|Blastoise, L50, F|100/100\n|turn|1\n|\n|t:|1776748113\n|move|p1a: Espathra|Protect|p1a: Espathra\n|-singleturn|p1a: Espathra|Protect\n|move|p2a: Blastoise|Shell Smash|p2a: Blastoise\n|-unboost|p2a: Blastoise|def|1\n|-unboost|p2a: Blastoise|spd|1\n|-boost|p2a: Blastoise|atk|2\n|-boost|p2a: Blastoise|spa|2\n|-boost|p2a: Blastoise|spe|2\n|\n|-ability|p1a: Espathra|Speed Boost|boost\n|-boost|p1a: Espathra|spe|1\n|upkeep\n|turn|2\n|\n|t:|1776748125\n|move|p2a: Blastoise|Surf|p1a: Espathra\n|-damage|p1a: Espathra|1/100\n|move|p1a: Espathra|Lumina Crash|p2a: Blastoise\n|-damage|p2a: Blastoise|56/100\n|-unboost|p2a: Blastoise|spd|2\n|\n|-ability|p1a: Espathra|Speed Boost|boost\n|-boost|p1a: Espathra|spe|1\n|upkeep\n|turn|3\n|\n|t:|1776748144\n|move|p1a: Espathra|Lumina Crash|p2a: Blastoise\n|-damage|p2a: Blastoise|0 fnt\n|faint|p2a: Blastoise\n|\n|-ability|p1a: Espathra|Speed Boost|boost\n|-boost|p1a: Espathra|spe|1\n|upkeep\n|\n|t:|1776748151\n|switch|p2a: Venusaur|Venusaur, L50, F|100/100\n|turn|4\n|\n|t:|1776748161\n|move|p1a: Espathra|Baton Pass|p1a: Espathra\n|\n|t:|1776748164\n|switch|p1a: Incineroar|Incineroar, L50, F|100/100|[from] Baton Pass\n|-ability|p1a: Incineroar|Intimidate|boost\n|-unboost|p2a: Venusaur|atk|1\n|move|p2a: Venusaur|Energy Ball|p1a: Incineroar\n|-resisted|p1a: Incineroar|1\n|-damage|p1a: Incineroar|85/100\n|\n|upkeep\n|turn|5\n|\n|t:|1776748186\n|move|p1a: Incineroar|Bulk Up|p1a: Incineroar\n|-boost|p1a: Incineroar|atk|1\n|-boost|p1a: Incineroar|def|1\n|move|p2a: Venusaur|Sleep Powder|p1a: Incineroar\n|-status|p1a: Incineroar|slp|[from] move: Sleep Powder\n|\n|upkeep\n|turn|6\n|\n|t:|1776748193\n|cant|p1a: Incineroar|slp\n|move|p2a: Venusaur|Earth Power|p1a: Incineroar\n|-supereffective|p1a: Incineroar|1\n|-damage|p1a: Incineroar|42/100 slp\n|-enditem|p1a: Incineroar|Sitrus Berry|[eat]\n|-heal|p1a: Incineroar|67/100 slp|[from] item: Sitrus Berry\n|\n|upkeep\n|turn|7\n|\n|t:|1776748200\n|-curestatus|p1a: Incineroar|slp|[msg]\n|move|p1a: Incineroar|Baton Pass|p1a: Incineroar\n|\n|t:|1776748205\n|switch|p1a: Clefable|Clefable, L50, M|100/100|[from] Baton Pass\n|move|p2a: Venusaur|Earth Power|p1a: Clefable\n|-damage|p1a: Clefable|73/100\n|\n|upkeep\n|turn|8\n|\n|t:|1776748221\n|detailschange|p1a: Clefable|Clefable-Mega, L50, M\n|-mega|p1a: Clefable|Clefable|Clefablite\n|move|p1a: Clefable|Calm Mind|p1a: Clefable\n|-boost|p1a: Clefable|spa|1\n|-boost|p1a: Clefable|spd|1\n|move|p2a: Venusaur|Sludge Wave|p1a: Clefable\n|-supereffective|p1a: Clefable|1\n|-damage|p1a: Clefable|22/100\n|\n|upkeep\n|turn|9\n|\n|t:|1776748245\n|move|p1a: Clefable|Moonlight|p1a: Clefable\n|-heal|p1a: Clefable|72/100\n|move|p2a: Venusaur|Sludge Wave|p1a: Clefable\n|-supereffective|p1a: Clefable|1\n|-damage|p1a: Clefable|25/100\n|\n|upkeep\n|turn|10\n|\n|t:|1776748256\n|move|p1a: Clefable|Moonlight|p1a: Clefable\n|-heal|p1a: Clefable|75/100\n|move|p2a: Venusaur|Sludge Wave|p1a: Clefable\n|-supereffective|p1a: Clefable|1\n|-damage|p1a: Clefable|29/100\n|\n|upkeep\n|turn|11\n|\n|t:|1776748269\n|move|p1a: Clefable|Baton Pass|p1a: Clefable\n|\n|t:|1776748272\n|switch|p1a: Incineroar|Incineroar, L50, F|67/100|[from] Baton Pass\n|-ability|p1a: Incineroar|Intimidate|boost\n|-unboost|p2a: Venusaur|atk|1\n|move|p2a: Venusaur|Sludge Wave|p1a: Incineroar\n|-damage|p1a: Incineroar|46/100\n|\n|upkeep\n|turn|12\n|\n|t:|1776748283\n|move|p1a: Incineroar|Power Trip|p2a: Venusaur\n|-enditem|p2a: Venusaur|Focus Sash\n|-damage|p2a: Venusaur|1/100\n|move|p2a: Venusaur|Sludge Wave|p1a: Incineroar\n|-damage|p1a: Incineroar|25/100\n|\n|upkeep\n|turn|13\n|\n|t:|1776748293\n|move|p1a: Incineroar|Flame Charge|p2a: Venusaur\n|-supereffective|p2a: Venusaur|1\n|-damage|p2a: Venusaur|0 fnt\n|-boost|p1a: Incineroar|spe|1\n|faint|p2a: Venusaur\n|\n|upkeep\n|\n|t:|1776748296\n|switch|p2a: Charizard|Charizard, L50, F|100/100\n|turn|14\n|\n|t:|1776748301\n|move|p1a: Incineroar|Power Trip|p2a: Charizard\n|-damage|p2a: Charizard|0 fnt\n|faint|p2a: Charizard\n|\n|win|driflount drifloon\n|raw|driflount drifloon's rating: 1169 &rarr; <strong>1196</strong><br />(+27 for winning)\n|raw|bdnsndnsns's rating: 1200 &rarr; <strong>1173</strong><br />(-27 for losing)\n|l|\u2606bdnsndnsns\n|player|p2|\n", "uploadtime": 1776748308, "views": 2, "formatid": "gen9championsbssregma", "rating": 1173, "private": 0, "password": null}