{"id": "gen9championsbssregma-2592459469", "format": "[Gen 9 Champions] BSS Reg M-A", "players": ["dugtrio ate my dog", "Lunartul"], "log": "|j|\u2606dugtrio ate my dog\n|j|\u2606Lunartul\n|t:|1776991598\n|gametype|singles\n|player|p1|dugtrio ate my dog|teamrocket|1369\n|player|p2|Lunartul|volkner|1341\n|gen|9\n|tier|[Gen 9 Champions] BSS Reg M-A\n|rated|\n|rule|Species Clause: Limit one of each Pok\u00e9mon\n|rule|Item Clause: Limit 1 of each item\n|clearpoke\n|poke|p1|Charizard, L50, M|\n|poke|p1|Hippowdon, L50, F|\n|poke|p1|Primarina, L50, F|\n|poke|p1|Meowscarada, L50, F|\n|poke|p1|Sneasler, L50, F|\n|poke|p1|Starmie, L50|\n|poke|p2|Charizard, L50, F|\n|poke|p2|Hippowdon, L50, F|\n|poke|p2|Primarina, L50, F|\n|poke|p2|Meowscarada, L50, F|\n|poke|p2|Sneasler, L50, F|\n|poke|p2|Starmie, L50|\n|teampreview|3\n|c|\u2606dugtrio ate my dog|oh lol\n|c|\u2606dugtrio ate my dog|glhf\n|\n|t:|1776991672\n|teamsize|p1|3\n|teamsize|p2|3\n|start\n|switch|p1a: Starmie|Starmie, L50|100/100\n|switch|p2a: Starmie|Starmie, L50|100/100\n|turn|1\n|\n|t:|1776991684\n|detailschange|p2a: Starmie|Starmie-Mega, L50\n|-mega|p2a: Starmie|Starmie|Starminite\n|detailschange|p1a: Starmie|Starmie-Mega, L50\n|-mega|p1a: Starmie|Starmie|Starminite\n|move|p1a: Starmie|Liquidation|p2a: Starmie\n|-resisted|p2a: Starmie|1\n|-crit|p2a: Starmie\n|-damage|p2a: Starmie|30/100\n|move|p2a: Starmie|Flip Turn|p1a: Starmie\n|-resisted|p1a: Starmie|1\n|-crit|p1a: Starmie\n|-damage|p1a: Starmie|46/100\n|\n|t:|1776991698\n|switch|p2a: Meowscarada|Meowscarada, L50, F|100/100|[from] Flip Turn\n|\n|upkeep\n|turn|2\n|\n|t:|1776991707\n|move|p1a: Starmie|Aqua Jet|p2a: Meowscarada\n|-resisted|p2a: Meowscarada|1\n|-damage|p2a: Meowscarada|72/100\n|move|p2a: Meowscarada|Flower Trick|p1a: Starmie\n|-start|p2a: Meowscarada|typechange|Grass|[from] ability: Protean\n|-supereffective|p1a: Starmie|1\n|-crit|p1a: Starmie\n|-damage|p1a: Starmie|0 fnt\n|faint|p1a: Starmie\n|\n|upkeep\n|\n|t:|1776991712\n|switch|p1a: Meowscarada|Meowscarada, L50, F|100/100\n|turn|3\n|\n|t:|1776991727\n|move|p2a: Meowscarada|Flower Trick|p1a: Meowscarada\n|-resisted|p1a: Meowscarada|1\n|-crit|p1a: Meowscarada\n|-damage|p1a: Meowscarada|60/100\n|move|p1a: Meowscarada|U-turn|p2a: Meowscarada\n|-start|p1a: Meowscarada|typechange|Bug|[from] ability: Protean\n|-supereffective|p2a: Meowscarada|1\n|-damage|p2a: Meowscarada|0 fnt\n|faint|p2a: Meowscarada\n|\n|t:|1776991729\n|switch|p1a: Hippowdon|Hippowdon, L50, F|100/100|[from] U-turn\n|-weather|Sandstorm|[from] ability: Sand Stream|[of] p1a: Hippowdon\n|\n|-weather|Sandstorm|[upkeep]\n|upkeep\n|\n|t:|1776991743\n|switch|p2a: Starmie|Starmie-Mega, L50|30/100\n|turn|4\n|\n|t:|1776991751\n|move|p2a: Starmie|Liquidation|p1a: Hippowdon\n|-supereffective|p1a: Hippowdon|1\n|-damage|p1a: Hippowdon|16/100\n|move|p1a: Hippowdon|Earthquake|p2a: Starmie\n|-damage|p2a: Starmie|0 fnt\n|faint|p2a: Starmie\n|\n|-weather|Sandstorm|[upkeep]\n|-heal|p1a: Hippowdon|22/100|[from] item: Leftovers\n|upkeep\n|\n|t:|1776991761\n|switch|p2a: Sneasler|Sneasler, L50, F|100/100\n|turn|5\n|\n|t:|1776991778\n|move|p2a: Sneasler|Close Combat|p1a: Hippowdon\n|-damage|p1a: Hippowdon|0 fnt\n|-unboost|p2a: Sneasler|def|1\n|-unboost|p2a: Sneasler|spd|1\n|faint|p1a: Hippowdon\n|\n|-weather|Sandstorm|[upkeep]\n|-damage|p2a: Sneasler|95/100|[from] Sandstorm\n|upkeep\n|\n|t:|1776991783\n|switch|p1a: Meowscarada|Meowscarada, L50, F|60/100\n|turn|6\n|\n|t:|1776991791\n|move|p1a: Meowscarada|Play Rough|p2a: Sneasler\n|-start|p1a: Meowscarada|typechange|Fairy|[from] ability: Protean\n|-damage|p2a: Sneasler|0 fnt\n|faint|p2a: Sneasler\n|\n|win|dugtrio ate my dog\n|raw|dugtrio ate my dog's rating: 1369 &rarr; <strong>1387</strong><br />(+18 for winning)\n|raw|Lunartul's rating: 1341 &rarr; <strong>1323</strong><br />(-18 for losing)\n", "uploadtime": 1776991814, "views": 1, "formatid": "gen9championsbssregma", "rating": 1323, "private": 0, "password": null}