{"id": "gen9championsbssregma-2591344181", "format": "[Gen 9 Champions] BSS Reg M-A", "players": ["Mimiqui1", "Ace Trainer Samson"], "log": "|j|\u2606Mimiqui1\n|j|\u2606Ace Trainer Samson\n|t:|1776891125\n|gametype|singles\n|player|p1|Mimiqui1|101|1200\n|player|p2|Ace Trainer Samson|kimonogirl|1420\n|gen|9\n|tier|[Gen 9 Champions] BSS Reg M-A\n|rated|\n|rule|Species Clause: Limit one of each Pok\u00e9mon\n|rule|Item Clause: Limit 1 of each item\n|clearpoke\n|poke|p1|Blastoise, L50, M|\n|poke|p1|Orthworm, L50, M|\n|poke|p1|Ditto, L50|\n|poke|p1|Arcanine-Hisui, L50, M|\n|poke|p1|Mimikyu, L50, M|\n|poke|p1|Bellibolt, L50, M|\n|poke|p2|Starmie, L50|\n|poke|p2|Archaludon, L50, M|\n|poke|p2|Meowscarada, L50, M|\n|poke|p2|Hatterene, L50, F|\n|poke|p2|Aegislash, L50, F|\n|poke|p2|Rotom-Wash, L50|\n|teampreview|3\n|inactive|Battle timer is ON: inactive players will automatically lose when time's up. (requested by Ace Trainer Samson)\n|\n|t:|1776891176\n|teamsize|p1|3\n|teamsize|p2|3\n|start\n|switch|p1a: Mimikyu|Mimikyu, L50, M|100/100\n|switch|p2a: Starmie|Starmie, L50|100/100\n|turn|1\n|\n|t:|1776891186\n|switch|p2a: Archaludon|Archaludon, L50, M|100/100\n|move|p1a: Mimikyu|Swords Dance|p1a: Mimikyu\n|-boost|p1a: Mimikyu|atk|2\n|\n|upkeep\n|turn|2\n|\n|t:|1776891190\n|switch|p1a: Bellibolt|Bellibolt, L50, M|100/100\n|move|p2a: Archaludon|Flash Cannon|p1a: Bellibolt\n|-resisted|p1a: Bellibolt|1\n|-damage|p1a: Bellibolt|85/100\n|-start|p1a: Bellibolt|Charge|Flash Cannon|[from] ability: Electromorphosis\n|\n|upkeep\n|turn|3\n|\n|t:|1776891196\n|move|p2a: Archaludon|Stealth Rock|p1a: Bellibolt\n|-sidestart|p1: Mimiqui1|move: Stealth Rock\n|move|p1a: Bellibolt|Toxic|p2a: Archaludon\n|-immune|p2a: Archaludon\n|\n|upkeep\n|turn|4\n|\n|t:|1776891204\n|move|p2a: Archaludon|Draco Meteor|p1a: Bellibolt\n|-damage|p1a: Bellibolt|32/100\n|-unboost|p2a: Archaludon|spa|2\n|-start|p1a: Bellibolt|Charge|Draco Meteor|[from] ability: Electromorphosis\n|move|p1a: Bellibolt|Soak|p2a: Archaludon\n|-start|p2a: Archaludon|typechange|Water\n|\n|upkeep\n|turn|5\n|\n|t:|1776891219\n|switch|p2a: Meowscarada|Meowscarada, L50, M|100/100\n|move|p1a: Bellibolt|Slack Off|p1a: Bellibolt\n|-heal|p1a: Bellibolt|82/100\n|\n|upkeep\n|turn|6\n|\n|t:|1776891226\n|move|p2a: Meowscarada|Flower Trick|p1a: Bellibolt\n|-start|p2a: Meowscarada|typechange|Grass|[from] ability: Protean\n|-crit|p1a: Bellibolt\n|-damage|p1a: Bellibolt|51/100\n|-start|p1a: Bellibolt|Charge|Flower Trick|[from] ability: Electromorphosis\n|move|p1a: Bellibolt|Soak|p2a: Meowscarada\n|-start|p2a: Meowscarada|typechange|Water\n|\n|upkeep\n|turn|7\n|\n|t:|1776891234\n|switch|p2a: Archaludon|Archaludon, L50, M|100/100\n|move|p1a: Bellibolt|Parabolic Charge|p2a: Archaludon\n|-resisted|p2a: Archaludon|1\n|-damage|p2a: Archaludon|76/100\n|-heal|p1a: Bellibolt|61/100|[from] drain|[of] p2a: Archaludon\n|-ability|p2a: Archaludon|Stamina|boost\n|-boost|p2a: Archaludon|def|1\n|-end|p1a: Bellibolt|Charge|[silent]\n|\n|upkeep\n|turn|8\n|\n|t:|1776891244\n|move|p2a: Archaludon|Draco Meteor|p1a: Bellibolt\n|-damage|p1a: Bellibolt|8/100\n|-unboost|p2a: Archaludon|spa|2\n|-start|p1a: Bellibolt|Charge|Draco Meteor|[from] ability: Electromorphosis\n|move|p1a: Bellibolt|Slack Off|p1a: Bellibolt\n|-heal|p1a: Bellibolt|58/100\n|\n|upkeep\n|turn|9\n|\n|t:|1776891251\n|switch|p2a: Meowscarada|Meowscarada, L50, M|100/100\n|move|p1a: Bellibolt|Slack Off|p1a: Bellibolt\n|-heal|p1a: Bellibolt|100/100\n|\n|upkeep\n|turn|10\n|\n|t:|1776891255\n|move|p2a: Meowscarada|U-turn|p1a: Bellibolt\n|-start|p2a: Meowscarada|typechange|Bug|[from] ability: Protean\n|-damage|p1a: Bellibolt|81/100\n|-start|p1a: Bellibolt|Charge|U-turn|[from] ability: Electromorphosis\n|\n|t:|1776891260\n|switch|p2a: Archaludon|Archaludon, L50, M|76/100|[from] U-turn\n|move|p1a: Bellibolt|Toxic|p2a: Archaludon\n|-immune|p2a: Archaludon\n|\n|upkeep\n|turn|11\n|\n|t:|1776891265\n|move|p2a: Archaludon|Draco Meteor|p1a: Bellibolt\n|-damage|p1a: Bellibolt|29/100\n|-unboost|p2a: Archaludon|spa|2\n|-start|p1a: Bellibolt|Charge|Draco Meteor|[from] ability: Electromorphosis\n|move|p1a: Bellibolt|Soak|p2a: Archaludon\n|-start|p2a: Archaludon|typechange|Water\n|\n|upkeep\n|turn|12\n|\n|t:|1776891270\n|move|p2a: Archaludon|Draco Meteor|p1a: Bellibolt|[miss]\n|-miss|p2a: Archaludon|p1a: Bellibolt\n|move|p1a: Bellibolt|Slack Off|p1a: Bellibolt\n|-heal|p1a: Bellibolt|79/100\n|\n|upkeep\n|turn|13\n|\n|t:|1776891278\n|switch|p2a: Meowscarada|Meowscarada, L50, M|100/100\n|move|p1a: Bellibolt|Parabolic Charge|p2a: Meowscarada\n|-resisted|p2a: Meowscarada|1\n|-damage|p2a: Meowscarada|65/100\n|-heal|p1a: Bellibolt|92/100|[from] drain|[of] p2a: Meowscarada\n|-end|p1a: Bellibolt|Charge|[silent]\n|\n|upkeep\n|turn|14\n|\n|t:|1776891289\n|move|p2a: Meowscarada|Triple Axel|p1a: Bellibolt\n|-start|p2a: Meowscarada|typechange|Ice|[from] ability: Protean\n|-damage|p1a: Bellibolt|85/100\n|-start|p1a: Bellibolt|Charge|Triple Axel|[from] ability: Electromorphosis\n|-damage|p1a: Bellibolt|72/100\n|-start|p1a: Bellibolt|Charge|Triple Axel|[from] ability: Electromorphosis\n|-damage|p1a: Bellibolt|53/100\n|-start|p1a: Bellibolt|Charge|Triple Axel|[from] ability: Electromorphosis\n|-hitcount|p1a: Bellibolt|3\n|move|p1a: Bellibolt|Soak|p2a: Meowscarada\n|-start|p2a: Meowscarada|typechange|Water\n|\n|upkeep\n|turn|15\n|\n|t:|1776891299\n|switch|p2a: Archaludon|Archaludon, L50, M|76/100\n|move|p1a: Bellibolt|Parabolic Charge|p2a: Archaludon\n|-resisted|p2a: Archaludon|1\n|-damage|p2a: Archaludon|51/100\n|-heal|p1a: Bellibolt|63/100|[from] drain|[of] p2a: Archaludon\n|-ability|p2a: Archaludon|Stamina|boost\n|-boost|p2a: Archaludon|def|1\n|-end|p1a: Bellibolt|Charge|[silent]\n|\n|upkeep\n|turn|16\n|\n|t:|1776891306\n|move|p2a: Archaludon|Draco Meteor|p1a: Bellibolt\n|-damage|p1a: Bellibolt|10/100\n|-unboost|p2a: Archaludon|spa|2\n|-start|p1a: Bellibolt|Charge|Draco Meteor|[from] ability: Electromorphosis\n|move|p1a: Bellibolt|Slack Off|p1a: Bellibolt\n|-heal|p1a: Bellibolt|60/100\n|\n|upkeep\n|turn|17\n|\n|t:|1776891315\n|switch|p2a: Starmie|Starmie, L50|100/100\n|move|p1a: Bellibolt|Soak|p2a: Starmie\n|-start|p2a: Starmie|typechange|Water\n|\n|upkeep\n|turn|18\n|c|\u2606Ace Trainer Samson|PLEASE\n|c|\u2606Ace Trainer Samson|DIE\n|\n|t:|1776891330\n|detailschange|p2a: Starmie|Starmie-Mega, L50\n|-mega|p2a: Starmie|Starmie|Starminite\n|move|p2a: Starmie|Liquidation|p1a: Bellibolt\n|-damage|p1a: Bellibolt|14/100\n|-start|p1a: Bellibolt|Charge|Liquidation|[from] ability: Electromorphosis\n|move|p1a: Bellibolt|Parabolic Charge|p2a: Starmie\n|-supereffective|p2a: Starmie|1\n|-damage|p2a: Starmie|0 fnt\n|-heal|p1a: Bellibolt|45/100|[from] drain|[of] p2a: Starmie\n|faint|p2a: Starmie\n|-end|p1a: Bellibolt|Charge|[silent]\n|\n|upkeep\n|\n|t:|1776891336\n|switch|p2a: Archaludon|Archaludon, L50, M|51/100\n|turn|19\n|c|\u2606Mimiqui1|no\n|\n|t:|1776891350\n|move|p2a: Archaludon|Draco Meteor|p1a: Bellibolt\n|-damage|p1a: Bellibolt|0 fnt\n|-unboost|p2a: Archaludon|spa|2\n|faint|p1a: Bellibolt\n|\n|upkeep\n|\n|t:|1776891359\n|switch|p1a: Blastoise|Blastoise, L50, M|100/100\n|-damage|p1a: Blastoise|88/100|[from] Stealth Rock\n|turn|20\n|\n|t:|1776891363\n|switch|p2a: Meowscarada|Meowscarada, L50, M|65/100\n|detailschange|p1a: Blastoise|Blastoise-Mega, L50, M\n|-mega|p1a: Blastoise|Blastoise|Blastoisinite\n|move|p1a: Blastoise|Shell Smash|p1a: Blastoise\n|-unboost|p1a: Blastoise|def|1\n|-unboost|p1a: Blastoise|spd|1\n|-boost|p1a: Blastoise|atk|2\n|-boost|p1a: Blastoise|spa|2\n|-boost|p1a: Blastoise|spe|2\n|\n|upkeep\n|turn|21\n|c|\u2606Ace Trainer Samson|MISTAKE\n|\n|t:|1776891371\n|move|p2a: Meowscarada|Flower Trick|p1a: Blastoise\n|-start|p2a: Meowscarada|typechange|Grass|[from] ability: Protean\n|-supereffective|p1a: Blastoise|1\n|-crit|p1a: Blastoise\n|-damage|p1a: Blastoise|0 fnt\n|faint|p1a: Blastoise\n|\n|upkeep\n|c|\u2606Mimiqui1|NNNNNNNNNNNNNNNNNNNOOOOOOOOOONNNNNNNn\n|\n|t:|1776891382\n|switch|p1a: Mimikyu|Mimikyu, L50, M|100/100\n|-damage|p1a: Mimikyu|89/100|[from] Stealth Rock\n|turn|22\n|\n|t:|1776891387\n|move|p2a: Meowscarada|Flower Trick|p1a: Mimikyu\n|-activate|p1a: Mimikyu|ability: Disguise\n|-damage|p1a: Mimikyu|89/100\n|detailschange|p1a: Mimikyu|Mimikyu-Busted, L50, M\n|-damage|p1a: Mimikyu|77/100|[from] pokemon: Mimikyu-Busted\n|move|p1a: Mimikyu|Swords Dance|p1a: Mimikyu\n|-boost|p1a: Mimikyu|atk|2\n|\n|upkeep\n|turn|23\n|\n|t:|1776891394\n|move|p1a: Mimikyu|Shadow Sneak|p2a: Meowscarada\n|-damage|p2a: Meowscarada|0 fnt\n|faint|p2a: Meowscarada\n|\n|upkeep\n|\n|t:|1776891396\n|switch|p2a: Archaludon|Archaludon, L50, M|51/100\n|turn|24\n|c|\u2606Ace Trainer Samson|GG\n|\n|t:|1776891413\n|move|p1a: Mimikyu|Play Rough|p2a: Archaludon\n|-damage|p2a: Archaludon|0 fnt\n|faint|p2a: Archaludon\n|\n|win|Mimiqui1\n|raw|Mimiqui1's rating: 1200 &rarr; <strong>1239</strong><br />(+39 for winning)\n|raw|Ace Trainer Samson's rating: 1420 &rarr; <strong>1389</strong><br />(-31 for losing)\n|l|\u2606Ace Trainer Samson\n|player|p2|\n|c|\u2606Mimiqui1|gg\n", "uploadtime": 1776891420, "views": 13, "formatid": "gen9championsbssregma", "rating": 1239, "private": 0, "password": null}