{"id": "gen9championsbssregma-2595108147", "format": "[Gen 9 Champions] BSS Reg M-A", "players": ["gada123z", "miyama2510"], "log": "|j|\u2606gada123z\n|j|\u2606miyama2510\n|t:|1777265113\n|gametype|singles\n|player|p1|gada123z|170|1331\n|player|p2|miyama2510|2|1379\n|gen|9\n|tier|[Gen 9 Champions] BSS Reg M-A\n|rated|\n|rule|Species Clause: Limit one of each Pok\u00e9mon\n|rule|Item Clause: Limit 1 of each item\n|clearpoke\n|poke|p1|Kangaskhan, L50, F|\n|poke|p1|Garchomp, L50, F|\n|poke|p1|Gengar, L50, M|\n|poke|p1|Umbreon, L50, M|\n|poke|p1|Basculegion, L50, M|\n|poke|p1|Glimmora, L50, M|\n|poke|p2|Floette-Eternal, L50, F|\n|poke|p2|Garchomp, L50, F|\n|poke|p2|Umbreon, L50, F|\n|poke|p2|Scizor, L50, F|\n|poke|p2|Basculegion, L50, M|\n|poke|p2|Sneasler, L50, F|\n|teampreview|3\n|inactive|Battle timer is ON: inactive players will automatically lose when time's up. (requested by gada123z)\n|\n|t:|1777265146\n|teamsize|p1|3\n|teamsize|p2|3\n|start\n|switch|p1a: Gengar|Gengar, L50, M|100/100\n|switch|p2a: Scizor|Scizor, L50, F|100/100\n|turn|1\n|j| esfawefawefwef\n|\n|t:|1777265153\n|switch|p2a: Umbreon|Umbreon, L50, F|100/100\n|detailschange|p1a: Gengar|Gengar-Mega, L50, M\n|-mega|p1a: Gengar|Gengar|Gengarite\n|move|p1a: Gengar|Will-O-Wisp|p2a: Umbreon\n|-status|p2a: Umbreon|brn\n|\n|-damage|p2a: Umbreon|94/100 brn|[from] brn\n|upkeep\n|turn|2\n|\n|t:|1777265162\n|move|p1a: Gengar|Substitute|p1a: Gengar\n|-start|p1a: Gengar|Substitute\n|-damage|p1a: Gengar|75/100\n|move|p2a: Umbreon|Foul Play|p1a: Gengar\n|-supereffective|p1a: Gengar|1\n|-end|p1a: Gengar|Substitute\n|\n|-heal|p2a: Umbreon|100/100 brn|[from] item: Leftovers\n|-damage|p2a: Umbreon|94/100 brn|[from] brn\n|upkeep\n|turn|3\n|\n|t:|1777265170\n|switch|p1a: Garchomp|Garchomp, L50, F|100/100\n|move|p2a: Umbreon|Yawn|p1a: Garchomp\n|-start|p1a: Garchomp|move: Yawn|[of] p2a: Umbreon\n|\n|-heal|p2a: Umbreon|100/100 brn|[from] item: Leftovers\n|-damage|p2a: Umbreon|94/100 brn|[from] brn\n|upkeep\n|turn|4\n|\n|t:|1777265181\n|move|p1a: Garchomp|Stealth Rock|p2a: Umbreon\n|-sidestart|p2: miyama2510|move: Stealth Rock\n|move|p2a: Umbreon|Foul Play|p1a: Garchomp\n|-damage|p1a: Garchomp|86/100\n|-damage|p2a: Umbreon|81/100 brn|[from] ability: Rough Skin|[of] p1a: Garchomp\n|\n|-heal|p2a: Umbreon|87/100 brn|[from] item: Leftovers\n|-damage|p2a: Umbreon|81/100 brn|[from] brn\n|-end|p1a: Garchomp|move: Yawn|[silent]\n|-status|p1a: Garchomp|slp\n|-enditem|p1a: Garchomp|Lum Berry|[eat]\n|-curestatus|p1a: Garchomp|slp|[msg]\n|upkeep\n|turn|5\n|\n|t:|1777265192\n|move|p1a: Garchomp|Spikes|p2a: Umbreon\n|-sidestart|p2: miyama2510|Spikes\n|move|p2a: Umbreon|Yawn|p1a: Garchomp\n|-start|p1a: Garchomp|move: Yawn|[of] p2a: Umbreon\n|\n|-heal|p2a: Umbreon|87/100 brn|[from] item: Leftovers\n|-damage|p2a: Umbreon|81/100 brn|[from] brn\n|upkeep\n|turn|6\n|\n|t:|1777265199\n|switch|p1a: Umbreon|Umbreon, L50, M|100/100\n|switch|p2a: Scizor|Scizor, L50, F|100/100\n|-damage|p2a: Scizor|87/100|[from] Stealth Rock\n|-damage|p2a: Scizor|75/100|[from] Spikes\n|\n|upkeep\n|turn|7\n|inactive|miyama2510 has 30 seconds left.\n|\n|t:|1777265231\n|detailschange|p2a: Scizor|Scizor-Mega, L50, F\n|-mega|p2a: Scizor|Scizor|Scizorite\n|move|p2a: Scizor|Close Combat|p1a: Umbreon\n|-supereffective|p1a: Umbreon|1\n|-damage|p1a: Umbreon|42/100\n|-unboost|p2a: Scizor|def|1\n|-unboost|p2a: Scizor|spd|1\n|move|p1a: Umbreon|Foul Play|p2a: Scizor\n|-damage|p2a: Scizor|0 fnt\n|faint|p2a: Scizor\n|\n|-heal|p1a: Umbreon|48/100|[from] item: Leftovers\n|upkeep\n|j| samusco\n|\n|t:|1777265246\n|switch|p2a: Sneasler|Sneasler, L50, F|100/100\n|-damage|p2a: Sneasler|94/100|[from] Stealth Rock\n|-damage|p2a: Sneasler|82/100|[from] Spikes\n|turn|8\n|\n|t:|1777265253\n|switch|p1a: Gengar|Gengar-Mega, L50, M|75/100\n|move|p2a: Sneasler|Close Combat|p1a: Gengar\n|-immune|p1a: Gengar\n|\n|upkeep\n|turn|9\n|-message|miyama2510 forfeited.\n|\n|win|gada123z\n|raw|gada123z's rating: 1331 &rarr; <strong>1354</strong><br />(+23 for winning)\n|raw|miyama2510's rating: 1379 &rarr; <strong>1356</strong><br />(-23 for losing)\n|l|\u2606miyama2510\n|player|p2|\n|l| esfawefawefwef\n|l| samusco\n|l|\u2606gada123z\n|player|p1|\n", "uploadtime": 1777265270, "views": 0, "formatid": "gen9championsbssregma", "rating": 1354, "private": 0, "password": null}