{"id": "gen9championsbssregma-2590705554", "format": "[Gen 9 Champions] BSS Reg M-A", "players": ["SmallGun", "PlatinumPassport"], "log": "|j|\u2606SmallGun\n|j|\u2606PlatinumPassport\n|t:|1776837069\n|gametype|singles\n|player|p1|SmallGun|1|1427\n|player|p2|PlatinumPassport|266|1454\n|gen|9\n|tier|[Gen 9 Champions] BSS Reg M-A\n|rated|\n|rule|Species Clause: Limit one of each Pok\u00e9mon\n|rule|Item Clause: Limit 1 of each item\n|clearpoke\n|poke|p1|Charizard, L50, M, shiny|\n|poke|p1|Clefable, L50, M|\n|poke|p1|Mimikyu, L50, M|\n|poke|p1|Aegislash, L50, F|\n|poke|p1|Basculegion, L50, M|\n|poke|p1|Hippowdon, L50, M|\n|poke|p2|Hippowdon, L50, M, shiny|\n|poke|p2|Gengar, L50, M, shiny|\n|poke|p2|Dragonite, L50, M, shiny|\n|poke|p2|Aegislash, L50, M, shiny|\n|poke|p2|Primarina, L50, M, shiny|\n|poke|p2|Floette-Eternal, L50, F|\n|teampreview|3\n|inactive|Battle timer is ON: inactive players will automatically lose when time's up. (requested by SmallGun)\n|\n|t:|1776837115\n|teamsize|p1|3\n|teamsize|p2|3\n|start\n|switch|p1a: Aegislash|Aegislash, L50, F|100/100\n|switch|p2a: Dragonite|Dragonite, L50, M, shiny|100/100\n|turn|1\n|\n|t:|1776837124\n|switch|p2a: Hippowdon|Hippowdon, L50, M, shiny|100/100\n|-weather|Sandstorm|[from] ability: Sand Stream|[of] p2a: Hippowdon\n|-formechange|p1a: Aegislash|Aegislash-Blade|\n|move|p1a: Aegislash|Shadow Ball|p2a: Hippowdon\n|-damage|p2a: Hippowdon|53/100\n|\n|-weather|Sandstorm|[upkeep]\n|-heal|p2a: Hippowdon|59/100|[from] item: Leftovers\n|upkeep\n|turn|2\n|\n|t:|1776837130\n|switch|p1a: Charizard|Charizard, L50, M, shiny|100/100\n|move|p2a: Hippowdon|Slack Off|p2a: Hippowdon\n|-heal|p2a: Hippowdon|100/100\n|\n|-weather|Sandstorm|[upkeep]\n|-damage|p1a: Charizard|95/100|[from] Sandstorm\n|upkeep\n|turn|3\n|\n|t:|1776837143\n|switch|p2a: Dragonite|Dragonite, L50, M, shiny|100/100\n|move|p1a: Charizard|Swords Dance|p1a: Charizard\n|-boost|p1a: Charizard|atk|2\n|\n|-weather|Sandstorm|[upkeep]\n|-damage|p1a: Charizard|89/100|[from] Sandstorm\n|-damage|p2a: Dragonite|95/100|[from] Sandstorm\n|upkeep\n|turn|4\n|\n|t:|1776837150\n|detailschange|p1a: Charizard|Charizard-Mega-X, L50, M, shiny\n|-mega|p1a: Charizard|Charizard|Charizardite X\n|detailschange|p2a: Dragonite|Dragonite-Mega, L50, M, shiny\n|-mega|p2a: Dragonite|Dragonite|Dragoninite\n|move|p2a: Dragonite|Draco Meteor|p1a: Charizard\n|-supereffective|p1a: Charizard|1\n|-damage|p1a: Charizard|0 fnt\n|-unboost|p2a: Dragonite|spa|2\n|faint|p1a: Charizard\n|\n|-weather|Sandstorm|[upkeep]\n|-damage|p2a: Dragonite|89/100|[from] Sandstorm\n|upkeep\n|\n|t:|1776837161\n|switch|p1a: Aegislash|Aegislash, L50, F|100/100\n|turn|5\n|\n|t:|1776837163\n|move|p2a: Dragonite|Roost|p2a: Dragonite\n|-heal|p2a: Dragonite|100/100\n|-singleturn|p2a: Dragonite|move: Roost\n|-formechange|p1a: Aegislash|Aegislash-Blade|\n|move|p1a: Aegislash|Shadow Ball|p2a: Dragonite\n|-damage|p2a: Dragonite|80/100\n|\n|-weather|none\n|upkeep\n|turn|6\n|\n|t:|1776837166\n|switch|p2a: Hippowdon|Hippowdon, L50, M, shiny|100/100\n|-weather|Sandstorm|[from] ability: Sand Stream|[of] p2a: Hippowdon\n|move|p1a: Aegislash|Shadow Ball|p2a: Hippowdon\n|-damage|p2a: Hippowdon|57/100\n|\n|-weather|Sandstorm|[upkeep]\n|-heal|p2a: Hippowdon|63/100|[from] item: Leftovers\n|upkeep\n|turn|7\n|\n|t:|1776837169\n|move|p1a: Aegislash|Shadow Ball|p2a: Hippowdon\n|-damage|p2a: Hippowdon|20/100\n|move|p2a: Hippowdon|Slack Off|p2a: Hippowdon\n|-heal|p2a: Hippowdon|71/100\n|\n|-weather|Sandstorm|[upkeep]\n|-heal|p2a: Hippowdon|77/100|[from] item: Leftovers\n|upkeep\n|turn|8\n|\n|t:|1776837173\n|move|p1a: Aegislash|Shadow Ball|p2a: Hippowdon\n|-damage|p2a: Hippowdon|29/100\n|move|p2a: Hippowdon|Rock Tomb|p1a: Aegislash\n|-resisted|p1a: Aegislash|1\n|-damage|p1a: Aegislash|83/100\n|-unboost|p1a: Aegislash|spe|1\n|\n|-weather|Sandstorm|[upkeep]\n|-heal|p2a: Hippowdon|35/100|[from] item: Leftovers\n|upkeep\n|turn|9\n|\n|t:|1776837176\n|move|p1a: Aegislash|Shadow Ball|p2a: Hippowdon\n|-damage|p2a: Hippowdon|0 fnt\n|faint|p2a: Hippowdon\n|\n|-weather|Sandstorm|[upkeep]\n|upkeep\n|\n|t:|1776837181\n|switch|p2a: Dragonite|Dragonite-Mega, L50, M, shiny|80/100\n|turn|10\n|\n|t:|1776837185\n|move|p2a: Dragonite|Thunderbolt|p1a: Aegislash\n|-damage|p1a: Aegislash|0 fnt\n|faint|p1a: Aegislash\n|\n|-weather|none\n|upkeep\n|\n|t:|1776837187\n|switch|p1a: Mimikyu|Mimikyu, L50, M|100/100\n|turn|11\n|\n|t:|1776837190\n|move|p2a: Dragonite|Air Slash|p1a: Mimikyu\n|-activate|p1a: Mimikyu|ability: Disguise\n|-damage|p1a: Mimikyu|100/100\n|detailschange|p1a: Mimikyu|Mimikyu-Busted, L50, M\n|-damage|p1a: Mimikyu|88/100|[from] pokemon: Mimikyu-Busted\n|cant|p1a: Mimikyu|flinch\n|\n|upkeep\n|turn|12\n|-message|SmallGun forfeited.\n|\n|win|PlatinumPassport\n|raw|SmallGun's rating: 1427 &rarr; <strong>1409</strong><br />(-18 for losing)\n|raw|PlatinumPassport's rating: 1454 &rarr; <strong>1472</strong><br />(+18 for winning)\n|l|\u2606SmallGun\n|player|p1|\n|l|\u2606PlatinumPassport\n|player|p2|\n", "uploadtime": 1776837239, "views": 1, "formatid": "gen9championsbssregma", "rating": 1409, "private": 0, "password": null}