{"id": "gen9championsbssregma-2590841442", "format": "[Gen 9 Champions] BSS Reg M-A", "players": ["st1test", "toriware"], "log": "|j|\u2606st1test\n|j|\u2606toriware\n|t:|1776853715\n|gametype|singles\n|player|p1|st1test|unknownf|1341\n|player|p2|toriware|swimmerf|1194\n|gen|9\n|tier|[Gen 9 Champions] BSS Reg M-A\n|rated|\n|rule|Species Clause: Limit one of each Pok\u00e9mon\n|rule|Item Clause: Limit 1 of each item\n|clearpoke\n|poke|p1|Palafin, L50, M|\n|poke|p1|Lucario, L50, F|\n|poke|p1|Rotom-Heat, L50|\n|poke|p1|Basculegion, L50, M|\n|poke|p1|Clefable, L50, M|\n|poke|p1|Goodra-Hisui, L50, M|\n|poke|p2|Garchomp, L50, F|\n|poke|p2|Primarina, L50, M|\n|poke|p2|Excadrill, L50, F|\n|poke|p2|Pelipper, L50, F|\n|poke|p2|Starmie, L50|\n|poke|p2|Lopunny, L50, F|\n|teampreview|3\n|inactive|Battle timer is ON: inactive players will automatically lose when time's up. (requested by st1test)\n|inactive|toriware also wants the timer to be on.\n|inactive|st1test has 60 seconds left.\n|\n|t:|1776853770\n|teamsize|p1|3\n|teamsize|p2|3\n|start\n|switch|p1a: Lucario|Lucario, L50, F|100/100\n|switch|p2a: Starmie|Starmie, L50|100/100\n|turn|1\n|inactive|st1test has 30 seconds left.\n|inactive|st1test has 20 seconds left.\n|inactive|st1test has 15 seconds left.\n|\n|t:|1776853813\n|detailschange|p2a: Starmie|Starmie-Mega, L50\n|-mega|p2a: Starmie|Starmie|Starminite\n|detailschange|p1a: Lucario|Lucario-Mega, L50, F\n|-mega|p1a: Lucario|Lucario|Lucarionite\n|move|p2a: Starmie|Liquidation|p1a: Lucario\n|-crit|p1a: Lucario\n|-damage|p1a: Lucario|0 fnt\n|faint|p1a: Lucario\n|\n|upkeep\n|\n|t:|1776853821\n|switch|p1a: Basculegion|Basculegion, L50, M|100/100\n|turn|2\n|\n|t:|1776853845\n|switch|p2a: Garchomp|Garchomp, L50, F|100/100\n|move|p1a: Basculegion|Last Respects|p2a: Garchomp\n|-damage|p2a: Garchomp|35/100\n|\n|-heal|p2a: Garchomp|41/100|[from] item: Leftovers\n|upkeep\n|turn|3\n|\n|t:|1776853854\n|move|p1a: Basculegion|Last Respects|p2a: Garchomp\n|-damage|p2a: Garchomp|0 fnt\n|faint|p2a: Garchomp\n|\n|upkeep\n|\n|t:|1776853860\n|switch|p2a: Pelipper|Pelipper, L50, F|100/100\n|-weather|RainDance|[from] ability: Drizzle|[of] p2a: Pelipper\n|turn|4\n|\n|t:|1776853865\n|move|p1a: Basculegion|Last Respects|p2a: Pelipper\n|-damage|p2a: Pelipper|31/100\n|-enditem|p2a: Pelipper|Sitrus Berry|[eat]\n|-heal|p2a: Pelipper|56/100|[from] item: Sitrus Berry\n|move|p2a: Pelipper|Tailwind|p2a: Pelipper\n|-sidestart|p2: toriware|move: Tailwind\n|\n|-weather|RainDance|[upkeep]\n|upkeep\n|turn|5\n|\n|t:|1776853875\n|switch|p1a: Rotom|Rotom-Heat, L50|100/100\n|move|p2a: Pelipper|Hurricane|p1a: Rotom\n|-resisted|p1a: Rotom|1\n|-damage|p1a: Rotom|72/100\n|\n|-weather|RainDance|[upkeep]\n|-heal|p1a: Rotom|78/100|[from] item: Leftovers\n|upkeep\n|turn|6\n|\n|t:|1776853885\n|switch|p1a: Basculegion|Basculegion, L50, M|100/100\n|move|p2a: Pelipper|Waterfall|p1a: Basculegion\n|-resisted|p1a: Basculegion|1\n|-damage|p1a: Basculegion|87/100\n|\n|-weather|RainDance|[upkeep]\n|upkeep\n|turn|7\n|\n|t:|1776853894\n|move|p1a: Basculegion|Last Respects|p2a: Pelipper\n|-damage|p2a: Pelipper|0 fnt\n|faint|p2a: Pelipper\n|\n|-weather|RainDance|[upkeep]\n|-sideend|p2: toriware|move: Tailwind\n|upkeep\n|\n|t:|1776853902\n|switch|p2a: Starmie|Starmie-Mega, L50|100/100\n|turn|8\n|\n|t:|1776853906\n|move|p2a: Starmie|Aqua Jet|p1a: Basculegion\n|-resisted|p1a: Basculegion|1\n|-damage|p1a: Basculegion|54/100\n|move|p1a: Basculegion|Last Respects|p2a: Starmie\n|-supereffective|p2a: Starmie|1\n|-damage|p2a: Starmie|0 fnt\n|faint|p2a: Starmie\n|\n|win|st1test\n|raw|st1test's rating: 1341 &rarr; <strong>1353</strong><br />(+12 for winning)\n|raw|toriware's rating: 1194 &rarr; <strong>1179</strong><br />(-15 for losing)\n|l|\u2606toriware\n|player|p2|\n", "uploadtime": 1776853916, "views": 8, "formatid": "gen9championsbssregma", "rating": 1179, "private": 0, "password": null}