{"id": "gen9championsbssregma-2592241337", "format": "[Gen 9 Champions] BSS Reg M-A", "players": ["ReturnOfThePigeon", "EstemanACG1"], "log": "|j|\u2606ReturnOfThePigeon\n|j|\u2606EstemanACG1\n|t:|1776972747\n|gametype|singles\n|player|p1|ReturnOfThePigeon|unknown|1314\n|player|p2|EstemanACG1|riley|1209\n|gen|9\n|tier|[Gen 9 Champions] BSS Reg M-A\n|rated|\n|rule|Species Clause: Limit one of each Pok\u00e9mon\n|rule|Item Clause: Limit 1 of each item\n|clearpoke\n|poke|p1|Meganium, L50, F|\n|poke|p1|Corviknight, L50, F|\n|poke|p1|Dragonite, L50, M|\n|poke|p1|Weavile, L50, F|\n|poke|p1|Goodra-Hisui, L50, M|\n|poke|p1|Garchomp, L50, M|\n|poke|p2|Volcarona, L50, M|\n|poke|p2|Gardevoir, L50, M|\n|poke|p2|Sinistcha, L50|\n|poke|p2|Aerodactyl, L50, M|\n|poke|p2|Basculegion, L50, M|\n|poke|p2|Tauros-Paldea-Aqua, L50, M|\n|teampreview|3\n|c|\u2606EstemanACG1|glhf\n|c|\u2606ReturnOfThePigeon|l\n|inactive|Battle timer is ON: inactive players will automatically lose when time's up. (requested by ReturnOfThePigeon)\n|\n|t:|1776972797\n|teamsize|p1|3\n|teamsize|p2|3\n|start\n|switch|p1a: Goodra|Goodra-Hisui, L50, M|100/100\n|switch|p2a: Tauros|Tauros-Paldea-Aqua, L50, M|100/100\n|turn|1\n|\n|t:|1776972807\n|switch|p1a: Dragonite|Dragonite, L50, M|100/100\n|move|p2a: Tauros|Bulk Up|p2a: Tauros\n|-boost|p2a: Tauros|atk|1\n|-boost|p2a: Tauros|def|1\n|\n|upkeep\n|turn|2\n|\n|t:|1776972812\n|switch|p2a: Sinistcha|Sinistcha, L50|100/100\n|move|p1a: Dragonite|Dragon Dance|p1a: Dragonite\n|-boost|p1a: Dragonite|atk|1\n|-boost|p1a: Dragonite|spe|1\n|\n|upkeep\n|turn|3\n|\n|t:|1776972819\n|move|p1a: Dragonite|Dragon Claw|p2a: Sinistcha\n|-damage|p2a: Sinistcha|43/100\n|move|p2a: Sinistcha|Shadow Ball|p1a: Dragonite\n|-damage|p1a: Dragonite|83/100\n|\n|-heal|p2a: Sinistcha|49/100|[from] item: Leftovers\n|upkeep\n|turn|4\n|\n|t:|1776972824\n|move|p1a: Dragonite|Dragon Claw|p2a: Sinistcha\n|-damage|p2a: Sinistcha|0 fnt\n|faint|p2a: Sinistcha\n|\n|upkeep\n|\n|t:|1776972827\n|switch|p2a: Gardevoir|Gardevoir, L50, M|100/100\n|-ability|p2a: Gardevoir|Multiscale|Trace|[from] ability: Trace|[of] p1a: Dragonite\n|turn|5\n|\n|t:|1776972837\n|switch|p1a: Goodra|Goodra-Hisui, L50, M|100/100\n|detailschange|p2a: Gardevoir|Gardevoir-Mega, L50, M\n|-mega|p2a: Gardevoir|Gardevoir|Gardevoirite\n|move|p2a: Gardevoir|Hyper Voice|p1a: Goodra\n|-damage|p1a: Goodra|57/100\n|\n|upkeep\n|turn|6\n|\n|t:|1776972843\n|move|p2a: Gardevoir|Calm Mind|p2a: Gardevoir\n|-boost|p2a: Gardevoir|spa|1\n|-boost|p2a: Gardevoir|spd|1\n|move|p1a: Goodra|Flash Cannon|p2a: Gardevoir\n|-supereffective|p2a: Gardevoir|1\n|-damage|p2a: Gardevoir|50/100\n|\n|upkeep\n|turn|7\n|\n|t:|1776972847\n|move|p2a: Gardevoir|Hyper Voice|p1a: Goodra\n|-damage|p1a: Goodra|0 fnt\n|faint|p1a: Goodra\n|\n|upkeep\n|\n|t:|1776972853\n|switch|p1a: Weavile|Weavile, L50, F|100/100\n|turn|8\n|\n|t:|1776972856\n|move|p1a: Weavile|Triple Axel|p2a: Gardevoir|[miss]\n|-miss|p1a: Weavile|p2a: Gardevoir\n|move|p2a: Gardevoir|Mystical Fire|p1a: Weavile\n|-supereffective|p1a: Weavile|1\n|-enditem|p1a: Weavile|Focus Sash\n|-damage|p1a: Weavile|1/100\n|-unboost|p1a: Weavile|spa|1\n|\n|upkeep\n|turn|9\n|\n|t:|1776972859\n|move|p1a: Weavile|Triple Axel|p2a: Gardevoir\n|-damage|p2a: Gardevoir|31/100\n|-damage|p2a: Gardevoir|0 fnt\n|faint|p2a: Gardevoir\n|-hitcount|p2: Gardevoir|2\n|\n|upkeep\n|\n|t:|1776972860\n|switch|p2a: Tauros|Tauros-Paldea-Aqua, L50, M|100/100\n|turn|10\n|\n|t:|1776972864\n|move|p1a: Weavile|Knock Off|p2a: Tauros\n|-resisted|p2a: Tauros|1\n|-crit|p2a: Tauros\n|-damage|p2a: Tauros|57/100\n|-enditem|p2a: Tauros|Sitrus Berry|[from] move: Knock Off|[of] p1a: Weavile\n|move|p2a: Tauros|Bulk Up|p2a: Tauros\n|-boost|p2a: Tauros|atk|1\n|-boost|p2a: Tauros|def|1\n|\n|upkeep\n|turn|11\n|\n|t:|1776972868\n|switch|p1a: Dragonite|Dragonite, L50, M|83/100\n|move|p2a: Tauros|Bulk Up|p2a: Tauros\n|-boost|p2a: Tauros|atk|1\n|-boost|p2a: Tauros|def|1\n|\n|upkeep\n|turn|12\n|\n|t:|1776972873\n|move|p2a: Tauros|Bulk Up|p2a: Tauros\n|-boost|p2a: Tauros|atk|1\n|-boost|p2a: Tauros|def|1\n|move|p1a: Dragonite|Dragon Dance|p1a: Dragonite\n|-boost|p1a: Dragonite|atk|1\n|-boost|p1a: Dragonite|spe|1\n|\n|upkeep\n|turn|13\n|\n|t:|1776972877\n|move|p1a: Dragonite|Dragon Dance|p1a: Dragonite\n|-boost|p1a: Dragonite|atk|1\n|-boost|p1a: Dragonite|spe|1\n|move|p2a: Tauros|Bulk Up|p2a: Tauros\n|-boost|p2a: Tauros|atk|1\n|-boost|p2a: Tauros|def|1\n|\n|upkeep\n|turn|14\n|\n|t:|1776972881\n|move|p1a: Dragonite|Dragon Claw|p2a: Tauros\n|-damage|p2a: Tauros|23/100\n|move|p2a: Tauros|Close Combat|p1a: Dragonite\n|-resisted|p1a: Dragonite|1\n|-damage|p1a: Dragonite|0 fnt\n|-unboost|p2a: Tauros|def|1\n|-unboost|p2a: Tauros|spd|1\n|faint|p1a: Dragonite\n|\n|upkeep\n|\n|t:|1776972885\n|switch|p1a: Weavile|Weavile, L50, F|1/100\n|turn|15\n|\n|t:|1776972888\n|move|p2a: Tauros|Aqua Jet|p1a: Weavile\n|-damage|p1a: Weavile|0 fnt\n|faint|p1a: Weavile\n|\n|win|EstemanACG1\n|raw|ReturnOfThePigeon's rating: 1314 &rarr; <strong>1288</strong><br />(-26 for losing)\n|raw|EstemanACG1's rating: 1209 &rarr; <strong>1241</strong><br />(+32 for winning)\n", "uploadtime": 1776972890, "views": 4, "formatid": "gen9championsbssregma", "rating": 1241, "private": 0, "password": null}