{"id": "gen9championsbssregma-2591542299", "format": "[Gen 9 Champions] BSS Reg M-A", "players": ["Clown IRL", "Sn0rlaxmain"], "log": "|j|\u2606Clown IRL\n|j|\u2606Sn0rlaxmain\n|t:|1776909558\n|gametype|singles\n|player|p1|Clown IRL|harlequin|1239\n|player|p2|Sn0rlaxmain|101|1197\n|gen|9\n|tier|[Gen 9 Champions] BSS Reg M-A\n|rated|\n|rule|Species Clause: Limit one of each Pok\u00e9mon\n|rule|Item Clause: Limit 1 of each item\n|clearpoke\n|poke|p1|Starmie, L50|\n|poke|p1|Pelipper, L50, M|\n|poke|p1|Kleavor, L50, M|\n|poke|p1|Toxapex, L50, F|\n|poke|p1|Meowscarada, L50, M|\n|poke|p1|Aegislash, L50, F|\n|poke|p2|Victreebel, L50, M|\n|poke|p2|Garchomp, L50, F|\n|poke|p2|Aegislash, L50, M|\n|poke|p2|Clefable, L50, F|\n|poke|p2|Primarina, L50, F|\n|poke|p2|Glimmora, L50, F|\n|teampreview|3\n|inactive|Battle timer is ON: inactive players will automatically lose when time's up. (requested by Sn0rlaxmain)\n|\n|t:|1776909590\n|teamsize|p1|3\n|teamsize|p2|3\n|start\n|switch|p1a: Pelipper|Pelipper, L50, M|100/100\n|switch|p2a: Aegislash|Aegislash, L50, M|100/100\n|-weather|RainDance|[from] ability: Drizzle|[of] p1a: Pelipper\n|turn|1\n|\n|t:|1776909595\n|-formechange|p2a: Aegislash|Aegislash-Blade|\n|move|p2a: Aegislash|Poltergeist|p1a: Pelipper\n|-activate|p1a: Pelipper|move: Poltergeist|Sitrus Berry\n|-damage|p1a: Pelipper|32/100\n|-enditem|p1a: Pelipper|Sitrus Berry|[eat]\n|-heal|p1a: Pelipper|57/100|[from] item: Sitrus Berry\n|move|p1a: Pelipper|Surf|p2a: Aegislash\n|-enditem|p2a: Aegislash|Focus Sash\n|-damage|p2a: Aegislash|1/100\n|\n|-weather|RainDance|[upkeep]\n|upkeep\n|turn|2\n|\n|t:|1776909608\n|move|p2a: Aegislash|Poltergeist||[still]\n|-fail|p2a: Aegislash\n|move|p1a: Pelipper|U-turn|p2a: Aegislash\n|-resisted|p2a: Aegislash|2\n|-damage|p2a: Aegislash|0 fnt\n|faint|p2a: Aegislash\n|\n|t:|1776909612\n|switch|p1a: Minos Prime|Starmie, L50|100/100|[from] U-turn\n|\n|-weather|RainDance|[upkeep]\n|upkeep\n|\n|t:|1776909617\n|switch|p2a: Victreebel|Victreebel, L50, M|100/100\n|turn|3\n|\n|t:|1776909637\n|detailschange|p1a: Minos Prime|Starmie-Mega, L50\n|-mega|p1a: Minos Prime|Starmie|Starminite\n|detailschange|p2a: Victreebel|Victreebel-Mega, L50, M\n|-mega|p2a: Victreebel|Victreebel|Victreebelite\n|move|p1a: Minos Prime|Flip Turn|p2a: Victreebel\n|-resisted|p2a: Victreebel|1\n|-damage|p2a: Victreebel|52/100\n|\n|t:|1776909644\n|switch|p1a: Pelipper|Pelipper, L50, M|57/100|[from] Flip Turn\n|move|p2a: Victreebel|Strength Sap|p1a: Pelipper\n|-unboost|p1a: Pelipper|atk|1\n|-heal|p2a: Victreebel|86/100\n|\n|-weather|RainDance|[upkeep]\n|upkeep\n|turn|4\n|\n|t:|1776909653\n|move|p2a: Victreebel|Power Whip|p1a: Pelipper\n|-damage|p1a: Pelipper|0 fnt\n|faint|p1a: Pelipper\n|\n|-weather|RainDance|[upkeep]\n|upkeep\n|\n|t:|1776909659\n|switch|p1a: Aegislash|Aegislash, L50, F|100/100\n|turn|5\n|\n|t:|1776909665\n|move|p2a: Victreebel|Strength Sap|p1a: Aegislash\n|-unboost|p1a: Aegislash|atk|1\n|-heal|p2a: Victreebel|100/100\n|move|p1a: Aegislash|Swords Dance|p1a: Aegislash\n|-boost|p1a: Aegislash|atk|2\n|\n|-weather|none\n|upkeep\n|turn|6\n|\n|t:|1776909669\n|move|p2a: Victreebel|Power Whip|p1a: Aegislash\n|-resisted|p1a: Aegislash|1\n|-damage|p1a: Aegislash|74/100\n|move|p1a: Aegislash|Swords Dance|p1a: Aegislash\n|-boost|p1a: Aegislash|atk|2\n|\n|upkeep\n|turn|7\n|\n|t:|1776909672\n|move|p2a: Victreebel|Swords Dance|p2a: Victreebel\n|-boost|p2a: Victreebel|atk|2\n|move|p1a: Aegislash|Swords Dance|p1a: Aegislash\n|-boost|p1a: Aegislash|atk|2\n|\n|upkeep\n|turn|8\n|\n|t:|1776909674\n|move|p2a: Victreebel|Sucker Punch|p1a: Aegislash\n|-supereffective|p1a: Aegislash|1\n|-damage|p1a: Aegislash|0 fnt\n|faint|p1a: Aegislash\n|\n|upkeep\n|\n|t:|1776909678\n|switch|p1a: Minos Prime|Starmie-Mega, L50|100/100\n|turn|9\n|\n|t:|1776909680\n|move|p2a: Victreebel|Sucker Punch|p1a: Minos Prime\n|-supereffective|p1a: Minos Prime|1\n|-damage|p1a: Minos Prime|0 fnt\n|faint|p1a: Minos Prime\n|\n|win|Sn0rlaxmain\n|raw|Clown IRL's rating: 1239 &rarr; <strong>1211</strong><br />(-28 for losing)\n|raw|Sn0rlaxmain's rating: 1197 &rarr; <strong>1225</strong><br />(+28 for winning)\n", "uploadtime": 1776909683, "views": 13, "formatid": "gen9championsbssregma", "rating": 1211, "private": 0, "password": null}