{"id": "gen9championsbssregma-2592213205", "format": "[Gen 9 Champions] BSS Reg M-A", "players": ["boi in the back", "mrboogy"], "log": "|j|\u2606boi in the back\n|j|\u2606mrboogy\n|t:|1776970797\n|gametype|singles\n|player|p1|boi in the back|jacinthe|1174\n|player|p2|mrboogy|scientist|1154\n|gen|9\n|tier|[Gen 9 Champions] BSS Reg M-A\n|rated|\n|rule|Species Clause: Limit one of each Pok\u00e9mon\n|rule|Item Clause: Limit 1 of each item\n|clearpoke\n|poke|p1|Slowbro, L50, F, shiny|\n|poke|p1|Garchomp, L50, F|\n|poke|p1|Lucario, L50, F|\n|poke|p1|Kingambit, L50, F|\n|poke|p1|Delphox, L50, M, shiny|\n|poke|p1|Gengar, L50, M|\n|poke|p2|Froslass, L50, F|\n|poke|p2|Palafin, L50, M|\n|poke|p2|Aegislash, L50, M|\n|poke|p2|Garchomp, L50, F|\n|poke|p2|Pinsir, L50, M|\n|poke|p2|Rotom-Mow, L50|\n|teampreview|3\n|inactive|Battle timer is ON: inactive players will automatically lose when time's up. (requested by mrboogy)\n|inactive|boi in the back also wants the timer to be on.\n|inactive|boi in the back has 60 seconds left.\n|\n|t:|1776970830\n|teamsize|p1|3\n|teamsize|p2|3\n|start\n|switch|p1a: Gengar|Gengar, L50, M|100/100\n|switch|p2a: Palafin|Palafin, L50, M|100/100\n|turn|1\n|\n|t:|1776970838\n|detailschange|p2a: Palafin|Palafin-Hero, L50, M\n|switch|p2a: Garchomp|Garchomp, L50, F|100/100\n|move|p1a: Gengar|Sludge Bomb|p2a: Garchomp\n|-resisted|p2a: Garchomp|1\n|-crit|p2a: Garchomp\n|-damage|p2a: Garchomp|58/100\n|-status|p2a: Garchomp|psn\n|\n|-damage|p2a: Garchomp|46/100 psn|[from] psn\n|upkeep\n|turn|2\n|\n|t:|1776970844\n|move|p2a: Garchomp|Earthquake|p1a: Gengar\n|-supereffective|p1a: Gengar|1\n|-enditem|p1a: Gengar|Focus Sash\n|-damage|p1a: Gengar|1/100\n|move|p1a: Gengar|Shadow Ball|p2a: Garchomp\n|-damage|p2a: Garchomp|0 fnt\n|faint|p2a: Garchomp\n|\n|upkeep\n|\n|t:|1776970851\n|switch|p2a: Palafin|Palafin-Hero, L50, M|100/100\n|-activate|p2a: Palafin|ability: Zero to Hero\n|turn|3\n|\n|t:|1776970854\n|move|p2a: Palafin|Jet Punch|p1a: Gengar\n|-damage|p1a: Gengar|0 fnt\n|faint|p1a: Gengar\n|\n|upkeep\n|\n|t:|1776970857\n|switch|p1a: Garchomp|Garchomp, L50, F|100/100\n|turn|4\n|\n|t:|1776970860\n|move|p1a: Garchomp|Earthquake|p2a: Palafin\n|-damage|p2a: Palafin|52/100\n|move|p2a: Palafin|Bulk Up|p2a: Palafin\n|-boost|p2a: Palafin|atk|1\n|-boost|p2a: Palafin|def|1\n|\n|-heal|p2a: Palafin|58/100|[from] item: Leftovers\n|upkeep\n|turn|5\n|\n|t:|1776970866\n|move|p1a: Garchomp|Earthquake|p2a: Palafin\n|-damage|p2a: Palafin|22/100\n|move|p2a: Palafin|Drain Punch|p1a: Garchomp\n|-damage|p1a: Garchomp|64/100\n|-heal|p2a: Palafin|38/100|[from] drain|[of] p1a: Garchomp\n|-damage|p2a: Palafin|26/100|[from] ability: Rough Skin|[of] p1a: Garchomp\n|\n|-heal|p2a: Palafin|32/100|[from] item: Leftovers\n|upkeep\n|turn|6\n|\n|t:|1776970873\n|move|p2a: Palafin|Jet Punch|p1a: Garchomp\n|-damage|p1a: Garchomp|17/100\n|-damage|p2a: Palafin|20/100|[from] ability: Rough Skin|[of] p1a: Garchomp\n|move|p1a: Garchomp|Earthquake|p2a: Palafin\n|-damage|p2a: Palafin|0 fnt\n|faint|p2a: Palafin\n|\n|upkeep\n|\n|t:|1776970875\n|switch|p2a: Froslass|Froslass, L50, F|100/100\n|turn|7\n|\n|t:|1776970878\n|detailschange|p2a: Froslass|Froslass-Mega, L50, F\n|-mega|p2a: Froslass|Froslass|Froslassite\n|-weather|Snowscape|[from] ability: Snow Warning|[of] p2a: Froslass\n|move|p1a: Garchomp|Earthquake|p2a: Froslass\n|-damage|p2a: Froslass|44/100\n|move|p2a: Froslass|Shadow Ball|p1a: Garchomp\n|-damage|p1a: Garchomp|0 fnt\n|faint|p1a: Garchomp\n|\n|-weather|Snowscape|[upkeep]\n|upkeep\n|\n|t:|1776970885\n|switch|p1a: Lucario|Lucario, L50, F|100/100\n|turn|8\n|\n|t:|1776970888\n|detailschange|p1a: Lucario|Lucario-Mega, L50, F\n|-mega|p1a: Lucario|Lucario|Lucarionite\n|move|p2a: Froslass|Shadow Ball|p1a: Lucario\n|-damage|p1a: Lucario|28/100\n|move|p1a: Lucario|Meteor Mash|p2a: Froslass\n|-supereffective|p2a: Froslass|1\n|-damage|p2a: Froslass|0 fnt\n|faint|p2a: Froslass\n|\n|win|boi in the back\n|raw|boi in the back's rating: 1174 &rarr; <strong>1198</strong><br />(+24 for winning)\n|raw|mrboogy's rating: 1154 &rarr; <strong>1130</strong><br />(-24 for losing)\n|l|\u2606mrboogy\n|player|p2|\n", "uploadtime": 1776970897, "views": 1, "formatid": "gen9championsbssregma", "rating": 1130, "private": 0, "password": null}