{"id": "gen9championsbssregma-2592050397", "format": "[Gen 9 Champions] BSS Reg M-A", "players": ["boi in the back", "javigonz22"], "log": "|j|\u2606boi in the back\n|j|\u2606javigonz22\n|t:|1776960143\n|gametype|singles\n|player|p1|boi in the back|jacinthe|1184\n|player|p2|javigonz22|clown|1135\n|gen|9\n|tier|[Gen 9 Champions] BSS Reg M-A\n|rated|\n|rule|Species Clause: Limit one of each Pok\u00e9mon\n|rule|Item Clause: Limit 1 of each item\n|clearpoke\n|poke|p1|Slowbro, L50, F, shiny|\n|poke|p1|Garchomp, L50, F|\n|poke|p1|Lucario, L50, F|\n|poke|p1|Aegislash, L50, F|\n|poke|p1|Delphox, L50, F, shiny|\n|poke|p1|Archaludon, L50, F, shiny|\n|poke|p2|Aerodactyl, L50, M|\n|poke|p2|Kangaskhan, L50, F|\n|poke|p2|Corviknight, L50, F|\n|poke|p2|Garchomp, L50, M|\n|poke|p2|Basculegion, L50, M|\n|poke|p2|Hatterene, L50, F|\n|teampreview|3\n|inactive|Battle timer is ON: inactive players will automatically lose when time's up. (requested by boi in the back)\n|inactive|javigonz22 has 60 seconds left.\n|inactive|javigonz22 has 30 seconds left.\n|\n|t:|1776960214\n|teamsize|p1|3\n|teamsize|p2|3\n|start\n|switch|p1a: Garchomp|Garchomp, L50, F|100/100\n|switch|p2a: Garchomp|Garchomp, L50, M|100/100\n|turn|1\n|\n|t:|1776960224\n|move|p1a: Garchomp|Earthquake|p2a: Garchomp\n|-damage|p2a: Garchomp|53/100\n|move|p2a: Garchomp|Earthquake|p1a: Garchomp\n|-damage|p1a: Garchomp|54/100\n|\n|upkeep\n|turn|2\n|inactive|javigonz22 has 30 seconds left.\n|\n|t:|1776960254\n|move|p1a: Garchomp|Earthquake|p2a: Garchomp\n|-damage|p2a: Garchomp|0 fnt\n|faint|p2a: Garchomp\n|\n|upkeep\n|\n|t:|1776960268\n|switch|p2a: Kangaskhan|Kangaskhan, L50, F|100/100\n|turn|3\n|\n|t:|1776960285\n|detailschange|p2a: Kangaskhan|Kangaskhan-Mega, L50, F\n|-mega|p2a: Kangaskhan|Kangaskhan|Kangaskhanite\n|move|p2a: Kangaskhan|Fake Out|p1a: Garchomp\n|-damage|p1a: Garchomp|34/100\n|-damage|p2a: Kangaskhan|88/100|[from] ability: Rough Skin|[of] p1a: Garchomp\n|-damage|p1a: Garchomp|30/100\n|-damage|p2a: Kangaskhan|76/100|[from] ability: Rough Skin|[of] p1a: Garchomp\n|-hitcount|p1a: Garchomp|2\n|cant|p1a: Garchomp|flinch\n|\n|upkeep\n|turn|4\n|\n|t:|1776960299\n|move|p2a: Kangaskhan|Sucker Punch|p1a: Garchomp\n|-damage|p1a: Garchomp|7/100\n|-damage|p2a: Kangaskhan|64/100|[from] ability: Rough Skin|[of] p1a: Garchomp\n|-damage|p1a: Garchomp|0 fnt\n|-damage|p2a: Kangaskhan|51/100|[from] ability: Rough Skin|[of] p1a: Garchomp\n|faint|p1a: Garchomp\n|-hitcount|p1: Garchomp|2\n|\n|upkeep\n|\n|t:|1776960306\n|switch|p1a: Aegislash|Aegislash, L50, F|100/100\n|turn|5\n|\n|t:|1776960312\n|move|p2a: Kangaskhan|Sucker Punch||[still]\n|-fail|p2a: Kangaskhan\n|move|p1a: Aegislash|Substitute|p1a: Aegislash\n|-start|p1a: Aegislash|Substitute\n|-damage|p1a: Aegislash|76/100\n|\n|-heal|p1a: Aegislash|82/100|[from] item: Leftovers\n|upkeep\n|turn|6\n|\n|t:|1776960326\n|switch|p2a: Hatterene|Hatterene, L50, F|100/100\n|-formechange|p1a: Aegislash|Aegislash-Blade|\n|move|p1a: Aegislash|Close Combat|p2a: Hatterene\n|-resisted|p2a: Hatterene|2\n|-damage|p2a: Hatterene|86/100\n|-unboost|p1a: Aegislash|def|1\n|-unboost|p1a: Aegislash|spd|1\n|\n|-heal|p1a: Aegislash|88/100|[from] item: Leftovers\n|upkeep\n|turn|7\n|\n|t:|1776960341\n|move|p1a: Aegislash|Shadow Claw|p2a: Hatterene\n|-supereffective|p2a: Hatterene|1\n|-damage|p2a: Hatterene|0 fnt\n|faint|p2a: Hatterene\n|\n|-heal|p1a: Aegislash|94/100|[from] item: Leftovers\n|upkeep\n|-message|javigonz22 forfeited.\n|\n|win|boi in the back\n|raw|boi in the back's rating: 1152 &rarr; <strong>1176</strong><br />(+24 for winning)\n|raw|javigonz22's rating: 1135 &rarr; <strong>1111</strong><br />(-24 for losing)\n|l|\u2606javigonz22\n|player|p2|\n", "uploadtime": 1776960354, "views": 2, "formatid": "gen9championsbssregma", "rating": 1111, "private": 0, "password": null}