{"id": "gen9championsbssregma-2590407706", "format": "[Gen 9 Champions] BSS Reg M-A", "players": ["ljh4874484", "Tunderboltz"], "log": "|j|\u2606ljh4874484\n|j|\u2606Tunderboltz\n|t:|1776807302\n|gametype|singles\n|player|p1|ljh4874484|hilda|1228\n|player|p2|Tunderboltz|drayton|1248\n|gen|9\n|tier|[Gen 9 Champions] BSS Reg M-A\n|rated|\n|rule|Species Clause: Limit one of each Pok\u00e9mon\n|rule|Item Clause: Limit 1 of each item\n|clearpoke\n|poke|p1|Torkoal, L50, M, shiny|\n|poke|p1|Venusaur, L50, F, shiny|\n|poke|p1|Gyarados, L50, M, shiny|\n|poke|p1|Charizard, L50, M, shiny|\n|poke|p1|Corviknight, L50, F, shiny|\n|poke|p1|Basculegion, L50, M, shiny|\n|poke|p2|Garchomp, L50, M|\n|poke|p2|Samurott-Hisui, L50, M|\n|poke|p2|Aegislash, L50, M, shiny|\n|poke|p2|Lycanroc, L50, F, shiny|\n|poke|p2|Tyranitar, L50, M|\n|poke|p2|Greninja, L50, F, shiny|\n|teampreview|3\n|inactive|Battle timer is ON: inactive players will automatically lose when time's up. (requested by Tunderboltz)\n|inactive|ljh4874484 has 60 seconds left.\n|\n|t:|1776807333\n|teamsize|p1|3\n|teamsize|p2|3\n|start\n|switch|p1a: Gyarados|Gyarados, L50, M, shiny|100/100\n|switch|p2a: Yamato|Lycanroc, L50, F, shiny|100/100\n|-ability|p1a: Gyarados|Intimidate|boost\n|-unboost|p2a: Yamato|atk|1\n|turn|1\n|\n|t:|1776807343\n|switch|p2a: Omega|Tyranitar, L50, M|100/100\n|-weather|Sandstorm|[from] ability: Sand Stream|[of] p2a: Omega\n|move|p1a: Gyarados|Taunt|p2a: Omega\n|-start|p2a: Omega|move: Taunt\n|\n|-weather|Sandstorm|[upkeep]\n|-damage|p1a: Gyarados|95/100|[from] Sandstorm\n|-heal|p1a: Gyarados|100/100|[from] item: Leftovers\n|upkeep\n|turn|2\n|\n|t:|1776807346\n|move|p1a: Gyarados|Dragon Dance|p1a: Gyarados\n|-boost|p1a: Gyarados|atk|1\n|-boost|p1a: Gyarados|spe|1\n|move|p2a: Omega|Stone Edge|p1a: Gyarados\n|-supereffective|p1a: Gyarados|1\n|-damage|p1a: Gyarados|0 fnt\n|faint|p1a: Gyarados\n|\n|-weather|Sandstorm|[upkeep]\n|upkeep\n|\n|t:|1776807349\n|switch|p1a: Charizard|Charizard, L50, M, shiny|100/100\n|turn|3\n|\n|t:|1776807353\n|switch|p2a: Yamato|Lycanroc, L50, F, shiny|100/100\n|detailschange|p1a: Charizard|Charizard-Mega-Y, L50, M, shiny\n|-mega|p1a: Charizard|Charizard|Charizardite Y\n|-weather|SunnyDay|[from] ability: Drought|[of] p1a: Charizard\n|move|p1a: Charizard|Solar Beam||[still]\n|-prepare|p1a: Charizard|Solar Beam\n|-anim|p1a: Charizard|Solar Beam|p2a: Yamato\n|-supereffective|p2a: Yamato|1\n|-enditem|p2a: Yamato|Focus Sash\n|-damage|p2a: Yamato|1/100\n|\n|-weather|SunnyDay|[upkeep]\n|upkeep\n|turn|4\n|\n|t:|1776807357\n|switch|p1a: Basculegion|Basculegion, L50, M, shiny|100/100\n|-ability|p1a: Basculegion|Mold Breaker\n|move|p2a: Yamato|Stone Edge|p1a: Basculegion\n|-damage|p1a: Basculegion|27/100\n|\n|-weather|SunnyDay|[upkeep]\n|upkeep\n|turn|5\n|\n|t:|1776807360\n|move|p2a: Yamato|Accelerock|p1a: Basculegion\n|-damage|p1a: Basculegion|0 fnt\n|faint|p1a: Basculegion\n|\n|-weather|SunnyDay|[upkeep]\n|upkeep\n|-message|ljh4874484 forfeited.\n|\n|win|Tunderboltz\n|raw|ljh4874484's rating: 1228 &rarr; <strong>1204</strong><br />(-24 for losing)\n|raw|Tunderboltz's rating: 1248 &rarr; <strong>1272</strong><br />(+24 for winning)\n|l|\u2606ljh4874484\n|player|p1|\n", "uploadtime": 1776807383, "views": 4, "formatid": "gen9championsbssregma", "rating": 1204, "private": 0, "password": null}