{"id": "gen9championsbssregma-2593460960", "format": "[Gen 9 Champions] BSS Reg M-A", "players": ["uyegrqwe", "yordleyodel"], "log": "|j|\u2606uyegrqwe\n|j|\u203dyordleyodel\n|t:|1777084864\n|gametype|singles\n|player|p1|uyegrqwe|265|1320\n|player|p2|yordleyodel|266|1318\n|gen|9\n|tier|[Gen 9 Champions] BSS Reg M-A\n|rated|\n|rule|Species Clause: Limit one of each Pok\u00e9mon\n|rule|Item Clause: Limit 1 of each item\n|clearpoke\n|poke|p1|Hippowdon, L50, M, shiny|\n|poke|p1|Sableye, L50, M, shiny|\n|poke|p1|Hydreigon, L50, M, shiny|\n|poke|p1|Archaludon, L50, M, shiny|\n|poke|p1|Corviknight, L50, M, shiny|\n|poke|p1|Greninja, L50, M, shiny|\n|poke|p2|Aggron, L50, M|\n|poke|p2|Farigiraf, L50, M|\n|poke|p2|Skarmory, L50, F|\n|poke|p2|Lucario, L50, M|\n|poke|p2|Ditto, L50|\n|poke|p2|Kangaskhan, L50, F|\n|teampreview|3\n|inactive|Battle timer is ON: inactive players will automatically lose when time's up. (requested by yordleyodel)\n|inactive|uyegrqwe has 60 seconds left.\n|inactive|uyegrqwe has 30 seconds left.\n|inactive|uyegrqwe has 20 seconds left.\n|inactive|uyegrqwe has 15 seconds left.\n|\n|t:|1777084942\n|teamsize|p1|3\n|teamsize|p2|3\n|start\n|switch|p1a: Hippowdon|Hippowdon, L50, M, shiny|100/100\n|switch|p2a: Farigiraf|Farigiraf, L50, M|100/100\n|-weather|Sandstorm|[from] ability: Sand Stream|[of] p1a: Hippowdon\n|turn|1\n|\n|t:|1777084951\n|move|p1a: Hippowdon|Stealth Rock|p2a: Farigiraf\n|-sidestart|p2: yordleyodel|move: Stealth Rock\n|move|p2a: Farigiraf|Roar|p1a: Hippowdon\n|drag|p1a: Corviknight|Corviknight, L50, M, shiny|100/100\n|\n|-weather|Sandstorm|[upkeep]\n|-damage|p2a: Farigiraf|94/100|[from] Sandstorm\n|upkeep\n|turn|2\n|\n|t:|1777084961\n|move|p1a: Corviknight|Brave Bird|p2a: Farigiraf\n|-damage|p2a: Farigiraf|56/100\n|-damage|p1a: Corviknight|86/100|[from] Recoil\n|move|p2a: Farigiraf|Amnesia|p2a: Farigiraf\n|-boost|p2a: Farigiraf|spd|2\n|\n|-weather|Sandstorm|[upkeep]\n|-damage|p2a: Farigiraf|49/100|[from] Sandstorm\n|-heal|p1a: Corviknight|92/100|[from] item: Leftovers\n|upkeep\n|turn|3\n|\n|t:|1777084970\n|move|p1a: Corviknight|Brave Bird|p2a: Farigiraf\n|-damage|p2a: Farigiraf|12/100\n|-damage|p1a: Corviknight|79/100|[from] Recoil\n|move|p2a: Farigiraf|Baton Pass|p2a: Farigiraf\n|\n|t:|1777084973\n|switch|p2a: Aggron|Aggron, L50, M|100/100|[from] Baton Pass\n|-damage|p2a: Aggron|94/100|[from] Stealth Rock\n|\n|-weather|Sandstorm|[upkeep]\n|-heal|p1a: Corviknight|84/100|[from] item: Leftovers\n|upkeep\n|turn|4\n|inactive|uyegrqwe has 30 seconds left.\n|inactive|uyegrqwe has 20 seconds left.\n|inactive|uyegrqwe has 15 seconds left.\n|\n|t:|1777085016\n|detailschange|p2a: Aggron|Aggron-Mega, L50, M\n|-mega|p2a: Aggron|Aggron|Aggronite\n|move|p1a: Corviknight|Bulk Up|p1a: Corviknight\n|-boost|p1a: Corviknight|atk|1\n|-boost|p1a: Corviknight|def|1\n|move|p2a: Aggron|Iron Defense|p2a: Aggron\n|-boost|p2a: Aggron|def|2\n|\n|-weather|Sandstorm|[upkeep]\n|-heal|p1a: Corviknight|90/100|[from] item: Leftovers\n|upkeep\n|turn|5\n|\n|t:|1777085024\n|move|p1a: Corviknight|Bulk Up|p1a: Corviknight\n|-boost|p1a: Corviknight|atk|1\n|-boost|p1a: Corviknight|def|1\n|move|p2a: Aggron|Iron Defense|p2a: Aggron\n|-boost|p2a: Aggron|def|2\n|\n|-weather|none\n|-heal|p1a: Corviknight|96/100|[from] item: Leftovers\n|upkeep\n|turn|6\n|\n|t:|1777085037\n|switch|p1a: Sableye|Sableye, L50, M, shiny|100/100\n|move|p2a: Aggron|Iron Defense|p2a: Aggron\n|-boost|p2a: Aggron|def|2\n|\n|upkeep\n|turn|7\n|\n|t:|1777085043\n|move|p1a: Sableye|Encore|p2a: Aggron\n|-start|p2a: Aggron|Encore\n|move|p2a: Aggron|Iron Defense|p2a: Aggron\n|-boost|p2a: Aggron|def|0\n|\n|upkeep\n|turn|8\n|\n|t:|1777085048\n|move|p1a: Sableye|Will-O-Wisp|p2a: Aggron|[miss]\n|-miss|p1a: Sableye|p2a: Aggron\n|move|p2a: Aggron|Iron Defense|p2a: Aggron\n|-boost|p2a: Aggron|def|0\n|\n|upkeep\n|turn|9\n|\n|t:|1777085053\n|move|p1a: Sableye|Will-O-Wisp|p2a: Aggron\n|-status|p2a: Aggron|brn\n|move|p2a: Aggron|Iron Defense|p2a: Aggron\n|-boost|p2a: Aggron|def|0\n|\n|-damage|p2a: Aggron|88/100 brn|[from] brn\n|-end|p2a: Aggron|Encore\n|upkeep\n|turn|10\n|\n|t:|1777085063\n|move|p1a: Sableye|Encore|p2a: Aggron\n|-start|p2a: Aggron|Encore\n|move|p2a: Aggron|Iron Defense|p2a: Aggron\n|-boost|p2a: Aggron|def|0\n|\n|-damage|p2a: Aggron|82/100 brn|[from] brn\n|upkeep\n|turn|11\n|\n|t:|1777085084\n|move|p2a: Aggron|Iron Defense|p2a: Aggron\n|-boost|p2a: Aggron|def|0\n|move|p1a: Sableye|Knock Off|p2a: Aggron\n|-damage|p2a: Aggron|80/100 brn\n|\n|-damage|p2a: Aggron|73/100 brn|[from] brn\n|upkeep\n|turn|12\n|\n|t:|1777085095\n|switch|p2a: Farigiraf|Farigiraf, L50, M|12/100\n|-damage|p2a: Farigiraf|0 fnt|[from] Stealth Rock\n|faint|p2a: Farigiraf\n|move|p1a: Sableye|Knock Off|p2: Farigiraf|[notarget]\n|-fail|p1a: Sableye\n|\n|upkeep\n|\n|t:|1777085097\n|switch|p2a: Aggron|Aggron-Mega, L50, M|73/100 brn\n|-damage|p2a: Aggron|67/100 brn|[from] Stealth Rock\n|turn|13\n|\n|t:|1777085112\n|move|p2a: Aggron|Heavy Slam|p1a: Sableye\n|-damage|p1a: Sableye|58/100\n|move|p1a: Sableye|Knock Off|p2a: Aggron\n|-damage|p2a: Aggron|60/100 brn\n|\n|-damage|p2a: Aggron|54/100 brn|[from] brn\n|upkeep\n|turn|14\n|\n|t:|1777085122\n|move|p1a: Sableye|Recover|p1a: Sableye\n|-heal|p1a: Sableye|100/100\n|move|p2a: Aggron|Heavy Slam|p1a: Sableye\n|-damage|p1a: Sableye|62/100\n|\n|-damage|p2a: Aggron|47/100 brn|[from] brn\n|upkeep\n|turn|15\n|\n|t:|1777085129\n|move|p1a: Sableye|Recover|p1a: Sableye\n|-heal|p1a: Sableye|100/100\n|move|p2a: Aggron|Rest|p2a: Aggron\n|-status|p2a: Aggron|slp|[from] move: Rest\n|-heal|p2a: Aggron|100/100 slp|[silent]\n|\n|upkeep\n|turn|16\n|\n|t:|1777085139\n|switch|p1a: Hippowdon|Hippowdon, L50, M, shiny|100/100\n|-weather|Sandstorm|[from] ability: Sand Stream|[of] p1a: Hippowdon\n|cant|p2a: Aggron|slp\n|\n|-weather|Sandstorm|[upkeep]\n|upkeep\n|turn|17\n|\n|t:|1777085146\n|cant|p2a: Aggron|slp\n|move|p1a: Hippowdon|Earthquake|p2a: Aggron\n|-supereffective|p2a: Aggron|1\n|-damage|p2a: Aggron|78/100 slp\n|\n|-weather|Sandstorm|[upkeep]\n|upkeep\n|turn|18\n|\n|t:|1777085158\n|-curestatus|p2a: Aggron|slp|[msg]\n|move|p2a: Aggron|Iron Defense|p2a: Aggron\n|-boost|p2a: Aggron|def|2\n|move|p1a: Hippowdon|Earthquake|p2a: Aggron\n|-supereffective|p2a: Aggron|1\n|-damage|p2a: Aggron|65/100\n|\n|-weather|Sandstorm|[upkeep]\n|upkeep\n|turn|19\n|\n|t:|1777085170\n|switch|p1a: Sableye|Sableye, L50, M, shiny|100/100\n|move|p2a: Aggron|Heavy Slam|p1a: Sableye\n|-damage|p1a: Sableye|18/100\n|\n|-weather|Sandstorm|[upkeep]\n|-damage|p1a: Sableye|12/100|[from] Sandstorm\n|upkeep\n|turn|20\n|\n|t:|1777085181\n|switch|p1a: Hippowdon|Hippowdon, L50, M, shiny|100/100\n|move|p2a: Aggron|Heavy Slam|p1a: Hippowdon\n|-damage|p1a: Hippowdon|85/100\n|\n|-weather|none\n|upkeep\n|turn|21\n|\n|t:|1777085189\n|move|p2a: Aggron|Heavy Slam|p1a: Hippowdon\n|-damage|p1a: Hippowdon|71/100\n|move|p1a: Hippowdon|Yawn|p2a: Aggron\n|-start|p2a: Aggron|move: Yawn|[of] p1a: Hippowdon\n|\n|upkeep\n|turn|22\n|\n|t:|1777085195\n|move|p2a: Aggron|Rest|p2a: Aggron\n|-status|p2a: Aggron|slp|[from] move: Rest\n|-heal|p2a: Aggron|100/100 slp|[silent]\n|move|p1a: Hippowdon|Slack Off|p1a: Hippowdon\n|-heal|p1a: Hippowdon|100/100\n|\n|-end|p2a: Aggron|move: Yawn|[silent]\n|upkeep\n|turn|23\n|\n|t:|1777085202\n|switch|p1a: Sableye|Sableye, L50, M, shiny|12/100\n|cant|p2a: Aggron|slp\n|\n|upkeep\n|turn|24\n|\n|t:|1777085209\n|move|p1a: Sableye|Encore|p2a: Aggron\n|-start|p2a: Aggron|Encore\n|cant|p2a: Aggron|slp\n|\n|upkeep\n|turn|25\n|\n|t:|1777085214\n|move|p1a: Sableye|Recover|p1a: Sableye\n|-heal|p1a: Sableye|62/100\n|-curestatus|p2a: Aggron|slp|[msg]\n|move|p2a: Aggron|Rest|p2a: Aggron\n|-fail|p2a: Aggron|heal\n|\n|upkeep\n|turn|26\n|\n|t:|1777085221\n|switch|p2a: Kangaskhan|Kangaskhan, L50, F|100/100\n|-damage|p2a: Kangaskhan|88/100|[from] Stealth Rock\n|move|p1a: Sableye|Recover|p1a: Sableye\n|-heal|p1a: Sableye|100/100\n|\n|upkeep\n|turn|27\n|\n|t:|1777085229\n|switch|p2a: Aggron|Aggron-Mega, L50, M|100/100\n|-damage|p2a: Aggron|94/100|[from] Stealth Rock\n|move|p1a: Sableye|Will-O-Wisp|p2a: Aggron\n|-status|p2a: Aggron|brn\n|\n|-damage|p2a: Aggron|88/100 brn|[from] brn\n|upkeep\n|turn|28\n|\n|t:|1777085238\n|move|p2a: Aggron|Heavy Slam|p1a: Sableye\n|-damage|p1a: Sableye|58/100\n|move|p1a: Sableye|Knock Off|p2a: Aggron\n|-damage|p2a: Aggron|80/100 brn\n|\n|-damage|p2a: Aggron|73/100 brn|[from] brn\n|upkeep\n|turn|29\n|\n|t:|1777085249\n|switch|p1a: Corviknight|Corviknight, L50, M, shiny|96/100\n|move|p2a: Aggron|Heavy Slam|p1a: Corviknight\n|-resisted|p1a: Corviknight|1\n|-damage|p1a: Corviknight|88/100\n|\n|-heal|p1a: Corviknight|94/100|[from] item: Leftovers\n|-damage|p2a: Aggron|67/100 brn|[from] brn\n|upkeep\n|turn|30\n|\n|t:|1777085257\n|move|p1a: Corviknight|Bulk Up|p1a: Corviknight\n|-boost|p1a: Corviknight|atk|1\n|-boost|p1a: Corviknight|def|1\n|move|p2a: Aggron|Heavy Slam|p1a: Corviknight\n|-resisted|p1a: Corviknight|1\n|-damage|p1a: Corviknight|88/100\n|\n|-heal|p1a: Corviknight|94/100|[from] item: Leftovers\n|-damage|p2a: Aggron|61/100 brn|[from] brn\n|upkeep\n|turn|31\n|\n|t:|1777085265\n|move|p1a: Corviknight|Bulk Up|p1a: Corviknight\n|-boost|p1a: Corviknight|atk|1\n|-boost|p1a: Corviknight|def|1\n|move|p2a: Aggron|Iron Defense|p2a: Aggron\n|-boost|p2a: Aggron|def|2\n|\n|-heal|p1a: Corviknight|99/100|[from] item: Leftovers\n|-damage|p2a: Aggron|55/100 brn|[from] brn\n|upkeep\n|turn|32\n|\n|t:|1777085274\n|move|p1a: Corviknight|Body Press|p2a: Aggron\n|-supereffective|p2a: Aggron|1\n|-damage|p2a: Aggron|39/100 brn\n|move|p2a: Aggron|Heavy Slam|p1a: Corviknight\n|-resisted|p1a: Corviknight|1\n|-damage|p1a: Corviknight|95/100\n|\n|-heal|p1a: Corviknight|100/100|[from] item: Leftovers\n|-damage|p2a: Aggron|33/100 brn|[from] brn\n|upkeep\n|turn|33\n|\n|t:|1777085283\n|move|p1a: Corviknight|Bulk Up|p1a: Corviknight\n|-boost|p1a: Corviknight|atk|1\n|-boost|p1a: Corviknight|def|1\n|move|p2a: Aggron|Iron Defense|p2a: Aggron\n|-boost|p2a: Aggron|def|2\n|\n|-damage|p2a: Aggron|26/100 brn|[from] brn\n|upkeep\n|turn|34\n|\n|t:|1777085289\n|move|p1a: Corviknight|Body Press|p2a: Aggron\n|-supereffective|p2a: Aggron|1\n|-damage|p2a: Aggron|13/100 brn\n|move|p2a: Aggron|Rest|p2a: Aggron\n|-status|p2a: Aggron|slp|[from] move: Rest\n|-heal|p2a: Aggron|100/100 slp|[silent]\n|\n|upkeep\n|turn|35\n|\n|t:|1777085298\n|switch|p1a: Sableye|Sableye, L50, M, shiny|58/100\n|cant|p2a: Aggron|slp\n|\n|upkeep\n|turn|36\n|\n|t:|1777085307\n|switch|p2a: Kangaskhan|Kangaskhan, L50, F|88/100\n|-damage|p2a: Kangaskhan|76/100|[from] Stealth Rock\n|move|p1a: Sableye|Knock Off|p2a: Kangaskhan\n|-damage|p2a: Kangaskhan|44/100\n|-enditem|p2a: Kangaskhan|Focus Sash|[from] move: Knock Off|[of] p1a: Sableye\n|\n|upkeep\n|turn|37\n|\n|t:|1777085317\n|move|p2a: Kangaskhan|Fake Out|p1a: Sableye\n|-damage|p1a: Sableye|32/100\n|cant|p1a: Sableye|flinch\n|\n|upkeep\n|turn|38\n|\n|t:|1777085325\n|switch|p2a: Aggron|Aggron-Mega, L50, M|100/100 slp\n|-damage|p2a: Aggron|94/100 slp|[from] Stealth Rock\n|switch|p1a: Corviknight|Corviknight, L50, M, shiny|100/100\n|\n|upkeep\n|turn|39\n|\n|t:|1777085333\n|switch|p1a: Hippowdon|Hippowdon, L50, M, shiny|100/100\n|-weather|Sandstorm|[from] ability: Sand Stream|[of] p1a: Hippowdon\n|cant|p2a: Aggron|slp\n|\n|-weather|Sandstorm|[upkeep]\n|upkeep\n|turn|40\n|\n|t:|1777085341\n|-curestatus|p2a: Aggron|slp|[msg]\n|move|p2a: Aggron|Iron Defense|p2a: Aggron\n|-boost|p2a: Aggron|def|2\n|move|p1a: Hippowdon|Earthquake|p2a: Aggron\n|-supereffective|p2a: Aggron|1\n|-damage|p2a: Aggron|82/100\n|\n|-weather|Sandstorm|[upkeep]\n|upkeep\n|turn|41\n|\n|t:|1777085349\n|move|p2a: Aggron|Iron Defense|p2a: Aggron\n|-boost|p2a: Aggron|def|2\n|move|p1a: Hippowdon|Yawn|p2a: Aggron\n|-start|p2a: Aggron|move: Yawn|[of] p1a: Hippowdon\n|\n|-weather|Sandstorm|[upkeep]\n|upkeep\n|turn|42\n|\n|t:|1777085354\n|move|p2a: Aggron|Body Press|p1a: Hippowdon\n|-damage|p1a: Hippowdon|2/100\n|move|p1a: Hippowdon|Slack Off|p1a: Hippowdon\n|-heal|p1a: Hippowdon|53/100\n|\n|-weather|Sandstorm|[upkeep]\n|-end|p2a: Aggron|move: Yawn|[silent]\n|-status|p2a: Aggron|slp\n|upkeep\n|turn|43\n|\n|t:|1777085378\n|switch|p1a: Sableye|Sableye, L50, M, shiny|32/100\n|cant|p2a: Aggron|slp\n|\n|-weather|none\n|upkeep\n|turn|44\n|\n|t:|1777085383\n|move|p1a: Sableye|Encore|p2a: Aggron\n|-start|p2a: Aggron|Encore\n|-curestatus|p2a: Aggron|slp|[msg]\n|move|p2a: Aggron|Body Press|p1a: Sableye\n|-immune|p1a: Sableye\n|\n|upkeep\n|turn|45\n|\n|t:|1777085389\n|move|p1a: Sableye|Recover|p1a: Sableye\n|-heal|p1a: Sableye|82/100\n|move|p2a: Aggron|Body Press|p1a: Sableye\n|-immune|p1a: Sableye\n|\n|upkeep\n|turn|46\n|\n|t:|1777085395\n|switch|p2a: Kangaskhan|Kangaskhan, L50, F|44/100\n|-damage|p2a: Kangaskhan|32/100|[from] Stealth Rock\n|move|p1a: Sableye|Will-O-Wisp|p2a: Kangaskhan\n|-status|p2a: Kangaskhan|brn\n|\n|-damage|p2a: Kangaskhan|26/100 brn|[from] brn\n|upkeep\n|turn|47\n|\n|t:|1777085409\n|switch|p1a: Corviknight|Corviknight, L50, M, shiny|100/100\n|move|p2a: Kangaskhan|Fake Out|p1a: Corviknight\n|-resisted|p1a: Corviknight|1\n|-damage|p1a: Corviknight|98/100\n|\n|-heal|p1a: Corviknight|100/100|[from] item: Leftovers\n|-damage|p2a: Kangaskhan|20/100 brn|[from] brn\n|upkeep\n|turn|48\n|\n|t:|1777085416\n|switch|p2a: Aggron|Aggron-Mega, L50, M|82/100\n|-damage|p2a: Aggron|76/100|[from] Stealth Rock\n|move|p1a: Corviknight|Bulk Up|p1a: Corviknight\n|-boost|p1a: Corviknight|atk|1\n|-boost|p1a: Corviknight|def|1\n|\n|upkeep\n|turn|49\n|\n|t:|1777085425\n|move|p1a: Corviknight|Body Press|p2a: Aggron\n|-supereffective|p2a: Aggron|1\n|-damage|p2a: Aggron|54/100\n|move|p2a: Aggron|Iron Defense|p2a: Aggron\n|-boost|p2a: Aggron|def|2\n|\n|upkeep\n|turn|50\n|\n|t:|1777085431\n|move|p1a: Corviknight|Bulk Up|p1a: Corviknight\n|-boost|p1a: Corviknight|atk|1\n|-boost|p1a: Corviknight|def|1\n|move|p2a: Aggron|Iron Defense|p2a: Aggron\n|-boost|p2a: Aggron|def|2\n|\n|upkeep\n|turn|51\n|\n|t:|1777085444\n|move|p1a: Corviknight|Body Press|p2a: Aggron\n|-supereffective|p2a: Aggron|1\n|-damage|p2a: Aggron|41/100\n|move|p2a: Aggron|Iron Defense|p2a: Aggron\n|-boost|p2a: Aggron|def|2\n|\n|upkeep\n|turn|52\n|\n|t:|1777085449\n|move|p1a: Corviknight|Body Press|p2a: Aggron\n|-supereffective|p2a: Aggron|1\n|-damage|p2a: Aggron|34/100\n|move|p2a: Aggron|Body Press|p1a: Corviknight\n|-damage|p1a: Corviknight|46/100\n|\n|-heal|p1a: Corviknight|52/100|[from] item: Leftovers\n|upkeep\n|turn|53\n|\n|t:|1777085459\n|move|p1a: Corviknight|Roost|p1a: Corviknight\n|-heal|p1a: Corviknight|100/100\n|-singleturn|p1a: Corviknight|move: Roost\n|move|p2a: Aggron|Body Press|p1a: Corviknight\n|-supereffective|p1a: Corviknight|1\n|-damage|p1a: Corviknight|0 fnt\n|faint|p1a: Corviknight\n|\n|upkeep\n|\n|t:|1777085467\n|switch|p1a: Sableye|Sableye, L50, M, shiny|82/100\n|turn|54\n|\n|t:|1777085470\n|move|p1a: Sableye|Encore|p2a: Aggron\n|-start|p2a: Aggron|Encore\n|move|p2a: Aggron|Body Press|p1a: Sableye\n|-immune|p1a: Sableye\n|\n|upkeep\n|turn|55\n|inactive|uyegrqwe has 30 seconds left.\n|\n|t:|1777085481\n|move|p2a: Aggron|Body Press|p1a: Sableye\n|-immune|p1a: Sableye\n|move|p1a: Sableye|Knock Off|p2a: Aggron\n|-damage|p2a: Aggron|32/100\n|\n|upkeep\n|turn|56\n|inactive|uyegrqwe has 25 seconds left this turn.\n|inactive|uyegrqwe has 20 seconds left.\n|\n|t:|1777085488\n|move|p1a: Sableye|Will-O-Wisp|p2a: Aggron\n|-status|p2a: Aggron|brn\n|move|p2a: Aggron|Body Press|p1a: Sableye\n|-immune|p1a: Sableye\n|\n|-damage|p2a: Aggron|25/100 brn|[from] brn\n|-end|p2a: Aggron|Encore\n|upkeep\n|turn|57\n|inactive|uyegrqwe has 20 seconds left this turn.\n|inactive|uyegrqwe has 15 seconds left.\n|\n|t:|1777085498\n|move|p1a: Sableye|Encore|p2a: Aggron\n|-start|p2a: Aggron|Encore\n|move|p2a: Aggron|Body Press|p1a: Sableye\n|-immune|p1a: Sableye\n|\n|-damage|p2a: Aggron|19/100 brn|[from] brn\n|upkeep\n|turn|58\n|inactive|uyegrqwe has 15 seconds left this turn.\n|inactive|uyegrqwe has 10 seconds left.\n|\n|t:|1777085504\n|switch|p2a: Kangaskhan|Kangaskhan, L50, F|20/100 brn\n|-damage|p2a: Kangaskhan|8/100 brn|[from] Stealth Rock\n|move|p1a: Sableye|Knock Off|p2a: Kangaskhan\n|-damage|p2a: Kangaskhan|0 fnt\n|faint|p2a: Kangaskhan\n|\n|upkeep\n|\n|t:|1777085506\n|switch|p2a: Aggron|Aggron-Mega, L50, M|19/100 brn\n|-damage|p2a: Aggron|13/100 brn|[from] Stealth Rock\n|turn|59\n|inactive|uyegrqwe has 10 seconds left this turn.\n|inactive|uyegrqwe has 5 seconds left.\n|-message|uyegrqwe lost due to inactivity.\n|\n|win|yordleyodel\n|raw|uyegrqwe's rating: 1320 &rarr; <strong>1300</strong><br />(-20 for losing)\n|raw|yordleyodel's rating: 1318 &rarr; <strong>1338</strong><br />(+20 for winning)\n", "uploadtime": 1777085528, "views": 10, "formatid": "gen9championsbssregma", "rating": 1300, "private": 0, "password": null}