{"id": "gen9championsbssregma-2594979730", "format": "[Gen 9 Champions] BSS Reg M-A", "players": ["mega.CHIVA", "ooiiasd"], "log": "|j|\u2606mega.CHIVA\n|j|\u2606ooiiasd\n|t:|1777251190\n|gametype|singles\n|player|p1|mega.CHIVA|unknown|1206\n|player|p2|ooiiasd|266|1300\n|gen|9\n|tier|[Gen 9 Champions] BSS Reg M-A\n|rated|\n|rule|Species Clause: Limit one of each Pok\u00e9mon\n|rule|Item Clause: Limit 1 of each item\n|clearpoke\n|poke|p1|Slowbro-Galar, L50, M|\n|poke|p1|Garchomp, L50, M|\n|poke|p1|Hawlucha, L50, M|\n|poke|p1|Sylveon, L50, F|\n|poke|p1|Greninja, L50, M|\n|poke|p1|Blastoise, L50, M|\n|poke|p2|Cofagrigus, L50, F|\n|poke|p2|Lucario, L50, M|\n|poke|p2|Sneasler, L50, F|\n|poke|p2|Gyarados, L50, F|\n|poke|p2|Hawlucha, L50, F|\n|poke|p2|Ceruledge, L50, F|\n|teampreview|3\n|\n|t:|1777251212\n|teamsize|p1|3\n|teamsize|p2|3\n|start\n|switch|p1a: Sylveon|Sylveon, L50, F|100/100\n|switch|p2a: Cofagrigus|Cofagrigus, L50, F|100/100\n|turn|1\n|\n|t:|1777251220\n|move|p1a: Sylveon|Hyper Voice|p2a: Cofagrigus\n|-damage|p2a: Cofagrigus|25/100\n|move|p2a: Cofagrigus|Disable|p1a: Sylveon\n|-start|p1a: Sylveon|Disable|Hyper Voice\n|\n|-heal|p2a: Cofagrigus|31/100|[from] item: Leftovers\n|upkeep\n|turn|2\n|\n|t:|1777251229\n|move|p1a: Sylveon|Shadow Ball|p2a: Cofagrigus\n|-supereffective|p2a: Cofagrigus|1\n|-damage|p2a: Cofagrigus|0 fnt\n|faint|p2a: Cofagrigus\n|\n|upkeep\n|\n|t:|1777251232\n|switch|p2a: Sneasler|Sneasler, L50, F|100/100\n|turn|3\n|\n|t:|1777251243\n|move|p2a: Sneasler|Dire Claw|p1a: Sylveon\n|-supereffective|p1a: Sylveon|1\n|-damage|p1a: Sylveon|0 fnt\n|faint|p1a: Sylveon\n|\n|upkeep\n|\n|t:|1777251248\n|switch|p1a: Slowbro|Slowbro-Galar, L50, M|100/100\n|turn|4\n|\n|t:|1777251257\n|move|p2a: Sneasler|Close Combat|p1a: Slowbro\n|-resisted|p1a: Slowbro|2\n|-damage|p1a: Slowbro|80/100\n|-unboost|p2a: Sneasler|def|1\n|-unboost|p2a: Sneasler|spd|1\n|-enditem|p2a: Sneasler|White Herb\n|-clearnegativeboost|p2a: Sneasler|[silent]\n|move|p1a: Slowbro|Psychic|p2a: Sneasler\n|-supereffective|p2a: Sneasler|2\n|-damage|p2a: Sneasler|0 fnt\n|faint|p2a: Sneasler\n|\n|upkeep\n|\n|t:|1777251259\n|switch|p2a: Gyarados|Gyarados, L50, F|100/100\n|-ability|p2a: Gyarados|Intimidate|boost\n|-unboost|p1a: Slowbro|atk|1\n|turn|5\n|\n|t:|1777251271\n|move|p2a: Gyarados|Dragon Dance|p2a: Gyarados\n|-boost|p2a: Gyarados|atk|1\n|-boost|p2a: Gyarados|spe|1\n|move|p1a: Slowbro|Sludge Wave|p2a: Gyarados\n|-damage|p2a: Gyarados|52/100\n|\n|upkeep\n|turn|6\n|\n|t:|1777251278\n|detailschange|p2a: Gyarados|Gyarados-Mega, L50, F\n|-mega|p2a: Gyarados|Gyarados|Gyaradosite\n|-ability|p2a: Gyarados|Mold Breaker\n|move|p2a: Gyarados|Crunch|p1a: Slowbro\n|-supereffective|p1a: Slowbro|1\n|-damage|p1a: Slowbro|0 fnt\n|faint|p1a: Slowbro\n|\n|upkeep\n|\n|t:|1777251285\n|switch|p1a: Hawlucha|Hawlucha, L50, M|100/100\n|turn|7\n|\n|t:|1777251288\n|detailschange|p1a: Hawlucha|Hawlucha-Mega, L50, M\n|-mega|p1a: Hawlucha|Hawlucha|Hawluchanite\n|move|p2a: Gyarados|Waterfall|p1a: Hawlucha\n|-damage|p1a: Hawlucha|21/100\n|move|p1a: Hawlucha|Cross Chop|p2a: Gyarados\n|-supereffective|p2a: Gyarados|1\n|-damage|p2a: Gyarados|0 fnt\n|faint|p2a: Gyarados\n|\n|win|mega.CHIVA\n|raw|mega.CHIVA's rating: 1206 &rarr; <strong>1238</strong><br />(+32 for winning)\n|raw|ooiiasd's rating: 1300 &rarr; <strong>1268</strong><br />(-32 for losing)\n|l|\u2606ooiiasd\n|player|p2|\n", "uploadtime": 1777251299, "views": 5, "formatid": "gen9championsbssregma", "rating": 1238, "private": 0, "password": null}