{"id": "gen9championsbssregma-2591147054", "format": "[Gen 9 Champions] BSS Reg M-A", "players": ["potaajyu_jv", "PopinoVT"], "log": "|j|\u2606potaajyu_jv\n|j|\u2606PopinoVT\n|t:|1776877425\n|gametype|singles\n|player|p1|potaajyu_jv|cheryl|1196\n|player|p2|PopinoVT|cynthia|1309\n|gen|9\n|tier|[Gen 9 Champions] BSS Reg M-A\n|rated|\n|rule|Species Clause: Limit one of each Pok\u00e9mon\n|rule|Item Clause: Limit 1 of each item\n|clearpoke\n|poke|p1|Gliscor, L50, M|\n|poke|p1|Meganium, L50, M|\n|poke|p1|Aegislash, L50, F|\n|poke|p1|Rotom-Heat, L50|\n|poke|p1|Gyarados, L50, F|\n|poke|p1|Decidueye-Hisui, L50, M, shiny|\n|poke|p2|Lucario, L50, F|\n|poke|p2|Meowscarada, L50, M|\n|poke|p2|Garchomp, L50, F|\n|poke|p2|Delphox, L50, M|\n|poke|p2|Milotic, L50, M|\n|poke|p2|Kingambit, L50, M|\n|teampreview|3\n|\n|t:|1776877464\n|teamsize|p1|3\n|teamsize|p2|3\n|start\n|switch|p1a: \u30b0\u30e9\u30a4\u30aa\u30f3|Gliscor, L50, M|100/100\n|switch|p2a: Meowscarada|Meowscarada, L50, M|100/100\n|turn|1\n|\n|t:|1776877477\n|switch|p1a: \u30ae\u30eb\u30ac\u30eb\u30c9|Aegislash, L50, F|100/100\n|move|p2a: Meowscarada|U-turn|p1a: \u30ae\u30eb\u30ac\u30eb\u30c9\n|-start|p2a: Meowscarada|typechange|Bug|[from] ability: Protean\n|-resisted|p1a: \u30ae\u30eb\u30ac\u30eb\u30c9|2\n|-damage|p1a: \u30ae\u30eb\u30ac\u30eb\u30c9|95/100\n|\n|t:|1776877484\n|switch|p2a: Garchomp|Garchomp, L50, F|100/100|[from] U-turn\n|\n|upkeep\n|turn|2\n|\n|t:|1776877494\n|move|p2a: Garchomp|Swords Dance|p2a: Garchomp\n|-boost|p2a: Garchomp|atk|2\n|-formechange|p1a: \u30ae\u30eb\u30ac\u30eb\u30c9|Aegislash-Blade|\n|move|p1a: \u30ae\u30eb\u30ac\u30eb\u30c9|Shadow Ball|p2a: Garchomp\n|-damage|p2a: Garchomp|40/100\n|\n|upkeep\n|turn|3\n|\n|t:|1776877510\n|move|p1a: \u30ae\u30eb\u30ac\u30eb\u30c9|Shadow Sneak|p2a: Garchomp\n|-damage|p2a: Garchomp|17/100\n|-damage|p1a: \u30ae\u30eb\u30ac\u30eb\u30c9|83/100|[from] ability: Rough Skin|[of] p2a: Garchomp\n|move|p2a: Garchomp|Earthquake|p1a: \u30ae\u30eb\u30ac\u30eb\u30c9\n|-supereffective|p1a: \u30ae\u30eb\u30ac\u30eb\u30c9|1\n|-damage|p1a: \u30ae\u30eb\u30ac\u30eb\u30c9|0 fnt\n|faint|p1a: \u30ae\u30eb\u30ac\u30eb\u30c9\n|\n|upkeep\n|\n|t:|1776877516\n|switch|p1a: \u30ae\u30e3\u30e9\u30c9\u30b9|Gyarados, L50, F|100/100\n|turn|4\n|\n|t:|1776877525\n|move|p2a: Garchomp|Scale Shot|p1a: \u30ae\u30e3\u30e9\u30c9\u30b9\n|-damage|p1a: \u30ae\u30e3\u30e9\u30c9\u30b9|70/100\n|-damage|p1a: \u30ae\u30e3\u30e9\u30c9\u30b9|35/100\n|-damage|p1a: \u30ae\u30e3\u30e9\u30c9\u30b9|2/100\n|-hitcount|p1a: \u30ae\u30e3\u30e9\u30c9\u30b9|3\n|-unboost|p2a: Garchomp|def|1\n|-boost|p2a: Garchomp|spe|1\n|move|p1a: \u30ae\u30e3\u30e9\u30c9\u30b9|Crunch|p2a: Garchomp\n|-damage|p2a: Garchomp|0 fnt\n|-damage|p1a: \u30ae\u30e3\u30e9\u30c9\u30b9|0 fnt|[from] ability: Rough Skin|[of] p2a: Garchomp\n|faint|p2a: Garchomp\n|faint|p1a: \u30ae\u30e3\u30e9\u30c9\u30b9\n|\n|upkeep\n|\n|t:|1776877536\n|switch|p2a: Lucario|Lucario, L50, F|100/100\n|switch|p1a: \u30b0\u30e9\u30a4\u30aa\u30f3|Gliscor, L50, M|100/100\n|turn|5\n|\n|t:|1776877548\n|detailschange|p2a: Lucario|Lucario-Mega, L50, F\n|-mega|p2a: Lucario|Lucario|Lucarionite\n|move|p2a: Lucario|Swords Dance|p2a: Lucario\n|-boost|p2a: Lucario|atk|2\n|move|p1a: \u30b0\u30e9\u30a4\u30aa\u30f3|Earthquake|p2a: Lucario\n|-supereffective|p2a: Lucario|1\n|-crit|p2a: Lucario\n|-damage|p2a: Lucario|0 fnt\n|faint|p2a: Lucario\n|\n|upkeep\n|\n|t:|1776877556\n|switch|p2a: Meowscarada|Meowscarada, L50, M|100/100\n|turn|6\n|\n|t:|1776877562\n|move|p2a: Meowscarada|Flower Trick|p1a: \u30b0\u30e9\u30a4\u30aa\u30f3\n|-start|p2a: Meowscarada|typechange|Grass|[from] ability: Protean\n|-crit|p1a: \u30b0\u30e9\u30a4\u30aa\u30f3\n|-damage|p1a: \u30b0\u30e9\u30a4\u30aa\u30f3|52/100\n|move|p1a: \u30b0\u30e9\u30a4\u30aa\u30f3|Dual Wingbeat|p2a: Meowscarada\n|-supereffective|p2a: Meowscarada|1\n|-damage|p2a: Meowscarada|42/100\n|-supereffective|p2a: Meowscarada|1\n|-damage|p2a: Meowscarada|0 fnt\n|faint|p2a: Meowscarada\n|-hitcount|p2: Meowscarada|2\n|\n|win|potaajyu_jv\n|raw|potaajyu_jv's rating: 1196 &rarr; <strong>1229</strong><br />(+33 for winning)\n|raw|PopinoVT's rating: 1309 &rarr; <strong>1283</strong><br />(-26 for losing)\n|l|\u2606PopinoVT\n|player|p2|\n", "uploadtime": 1776877675, "views": 13, "formatid": "gen9championsbssregma", "rating": 1229, "private": 0, "password": null}