{"id": "gen9championsbssregma-2590697659", "format": "[Gen 9 Champions] BSS Reg M-A", "players": ["gorilnx", "taiseitreiru"], "log": "|j|\u2606gorilnx\n|j|\u2606taiseitreiru\n|t:|1776835993\n|gametype|singles\n|player|p1|gorilnx|dawn-gen4pt|1373\n|player|p2|taiseitreiru|170|1484\n|gen|9\n|tier|[Gen 9 Champions] BSS Reg M-A\n|rated|\n|rule|Species Clause: Limit one of each Pok\u00e9mon\n|rule|Item Clause: Limit 1 of each item\n|clearpoke\n|poke|p1|Kangaskhan, L50, F|\n|poke|p1|Primarina, L50, M|\n|poke|p1|Gengar, L50, M|\n|poke|p1|Corviknight, L50, F|\n|poke|p1|Garchomp, L50, F|\n|poke|p1|Basculegion, L50, M|\n|poke|p2|Kangaskhan, L50, F|\n|poke|p2|Hippowdon, L50, F|\n|poke|p2|Glimmora, L50, M|\n|poke|p2|Basculegion-F, L50, F|\n|poke|p2|Kingambit, L50, M|\n|poke|p2|Volcarona, L50, M|\n|teampreview|3\n|inactive|Battle timer is ON: inactive players will automatically lose when time's up. (requested by gorilnx)\n|inactive|taiseitreiru has 60 seconds left.\n|\n|t:|1776836029\n|teamsize|p1|3\n|teamsize|p2|3\n|start\n|switch|p1a: Garchomp|Garchomp, L50, F|100/100\n|switch|p2a: Basculegion|Basculegion-F, L50, F|100/100\n|turn|1\n|\n|t:|1776836053\n|move|p1a: Garchomp|Rock Tomb|p2a: Basculegion\n|-damage|p2a: Basculegion|70/100\n|-unboost|p2a: Basculegion|spe|1\n|move|p2a: Basculegion|Icy Wind|p1a: Garchomp\n|-supereffective|p1a: Garchomp|2\n|-damage|p1a: Garchomp|22/100\n|-unboost|p1a: Garchomp|spe|1\n|\n|upkeep\n|turn|2\n|\n|t:|1776836069\n|switch|p1a: Primarina|Primarina, L50, M|100/100\n|switch|p2a: Hippowdon|Hippowdon, L50, F|100/100\n|-weather|Sandstorm|[from] ability: Sand Stream|[of] p2a: Hippowdon\n|\n|-weather|Sandstorm|[upkeep]\n|-damage|p1a: Primarina|95/100|[from] Sandstorm\n|upkeep\n|turn|3\n|\n|t:|1776836076\n|move|p1a: Primarina|Moonblast|p2a: Hippowdon\n|-crit|p2a: Hippowdon\n|-damage|p2a: Hippowdon|27/100\n|move|p2a: Hippowdon|Yawn|p1a: Primarina\n|-start|p1a: Primarina|move: Yawn|[of] p2a: Hippowdon\n|\n|-weather|Sandstorm|[upkeep]\n|-damage|p1a: Primarina|89/100|[from] Sandstorm\n|-heal|p2a: Hippowdon|34/100|[from] item: Leftovers\n|upkeep\n|turn|4\n|\n|t:|1776836088\n|switch|p1a: Garchomp|Garchomp, L50, F|22/100\n|move|p2a: Hippowdon|Protect||[still]\n|-fail|p2a: Hippowdon\n|\n|-weather|Sandstorm|[upkeep]\n|-heal|p2a: Hippowdon|40/100|[from] item: Leftovers\n|upkeep\n|turn|5\n|\n|t:|1776836099\n|move|p1a: Garchomp|Stealth Rock|p2a: Hippowdon\n|-sidestart|p2: taiseitreiru|move: Stealth Rock\n|move|p2a: Hippowdon|Slack Off|p2a: Hippowdon\n|-heal|p2a: Hippowdon|90/100\n|\n|-weather|Sandstorm|[upkeep]\n|-heal|p2a: Hippowdon|96/100|[from] item: Leftovers\n|upkeep\n|turn|6\n|\n|t:|1776836107\n|move|p1a: Garchomp|Earthquake|p2a: Hippowdon\n|-damage|p2a: Hippowdon|64/100\n|move|p2a: Hippowdon|Earthquake|p1a: Garchomp\n|-damage|p1a: Garchomp|0 fnt\n|faint|p1a: Garchomp\n|\n|-weather|none\n|-heal|p2a: Hippowdon|70/100|[from] item: Leftovers\n|upkeep\n|\n|t:|1776836111\n|switch|p1a: Primarina|Primarina, L50, M|89/100\n|turn|7\n|\n|t:|1776836117\n|move|p1a: Primarina|Sparkling Aria|p2a: Hippowdon\n|-supereffective|p2a: Hippowdon|1\n|-damage|p2a: Hippowdon|0 fnt\n|faint|p2a: Hippowdon\n|\n|upkeep\n|\n|t:|1776836120\n|switch|p2a: Kangaskhan|Kangaskhan, L50, F|100/100\n|-damage|p2a: Kangaskhan|88/100|[from] Stealth Rock\n|turn|8\n|\n|t:|1776836128\n|detailschange|p2a: Kangaskhan|Kangaskhan-Mega, L50, F\n|-mega|p2a: Kangaskhan|Kangaskhan|Kangaskhanite\n|move|p2a: Kangaskhan|Double-Edge|p1a: Primarina\n|-damage|p1a: Primarina|5/100\n|-enditem|p1a: Primarina|Sitrus Berry|[eat]\n|-heal|p1a: Primarina|29/100|[from] item: Sitrus Berry\n|-damage|p1a: Primarina|9/100\n|-hitcount|p1a: Primarina|2\n|-damage|p2a: Kangaskhan|57/100|[from] Recoil\n|move|p1a: Primarina|Moonblast|p2a: Kangaskhan\n|-damage|p2a: Kangaskhan|14/100\n|\n|upkeep\n|turn|9\n|\n|t:|1776836140\n|move|p2a: Kangaskhan|Sucker Punch|p1a: Primarina\n|-resisted|p1a: Primarina|1\n|-damage|p1a: Primarina|0 fnt\n|faint|p1a: Primarina\n|-hitcount|p1: Primarina|1\n|\n|upkeep\n|\n|t:|1776836142\n|switch|p1a: Kangaskhan|Kangaskhan, L50, F|100/100\n|turn|10\n|\n|t:|1776836147\n|detailschange|p1a: Kangaskhan|Kangaskhan-Mega, L50, F\n|-mega|p1a: Kangaskhan|Kangaskhan|Kangaskhanite\n|move|p1a: Kangaskhan|Fake Out|p2a: Kangaskhan\n|-damage|p2a: Kangaskhan|0 fnt\n|faint|p2a: Kangaskhan\n|-hitcount|p2: Kangaskhan|1\n|\n|upkeep\n|\n|t:|1776836151\n|switch|p2a: Basculegion|Basculegion-F, L50, F|70/100\n|-damage|p2a: Basculegion|57/100|[from] Stealth Rock\n|turn|11\n|\n|t:|1776836157\n|move|p2a: Basculegion|Surf|p1a: Kangaskhan\n|-damage|p1a: Kangaskhan|50/100\n|move|p1a: Kangaskhan|Fire Punch|p2a: Basculegion\n|-resisted|p2a: Basculegion|1\n|-damage|p2a: Basculegion|39/100\n|-resisted|p2a: Basculegion|1\n|-damage|p2a: Basculegion|35/100\n|-status|p2a: Basculegion|brn\n|-hitcount|p2a: Basculegion|2\n|\n|-damage|p2a: Basculegion|29/100 brn|[from] brn\n|upkeep\n|turn|12\n|\n|t:|1776836168\n|move|p2a: Basculegion|Surf|p1a: Kangaskhan\n|-damage|p1a: Kangaskhan|1/100\n|move|p1a: Kangaskhan|Fire Punch|p2a: Basculegion\n|-resisted|p2a: Basculegion|1\n|-damage|p2a: Basculegion|10/100 brn\n|-resisted|p2a: Basculegion|1\n|-damage|p2a: Basculegion|6/100 brn\n|-hitcount|p2a: Basculegion|2\n|\n|-damage|p2a: Basculegion|0 fnt|[from] brn\n|faint|p2a: Basculegion\n|\n|win|gorilnx\n|raw|gorilnx's rating: 1373 &rarr; <strong>1399</strong><br />(+26 for winning)\n|raw|taiseitreiru's rating: 1484 &rarr; <strong>1458</strong><br />(-26 for losing)\n|l|\u2606gorilnx\n|player|p1|\n|l|\u2606taiseitreiru\n|player|p2|\n", "uploadtime": 1776836196, "views": 10, "formatid": "gen9championsbssregma", "rating": 1399, "private": 0, "password": null}