{"id": "gen9championsbssregma-2591869247", "format": "[Gen 9 Champions] BSS Reg M-A", "players": ["burntime", "Yuma1146"], "log": "|j|\u2606burntime\n|j|\u2606Yuma1146\n|t:|1776947154\n|gametype|singles\n|player|p1|burntime|170|1210\n|player|p2|Yuma1146|lucas|1360\n|gen|9\n|tier|[Gen 9 Champions] BSS Reg M-A\n|rated|\n|rule|Species Clause: Limit one of each Pok\u00e9mon\n|rule|Item Clause: Limit 1 of each item\n|clearpoke\n|poke|p1|Volcarona, L50, F|\n|poke|p1|Espathra, L50, F|\n|poke|p1|Dragonite, L50, F|\n|poke|p1|Aegislash, L50, F|\n|poke|p1|Meganium, L50, M|\n|poke|p1|Glimmora, L50, M|\n|poke|p2|Starmie, L50|\n|poke|p2|Dragonite, L50, F|\n|poke|p2|Mimikyu, L50, M|\n|poke|p2|Corviknight, L50, M, shiny|\n|poke|p2|Glimmora, L50, M|\n|poke|p2|Bellibolt, L50, F|\n|teampreview|3\n|inactive|Battle timer is ON: inactive players will automatically lose when time's up. (requested by Yuma1146)\n|\n|t:|1776947188\n|teamsize|p1|3\n|teamsize|p2|3\n|start\n|switch|p1a: Espathra|Espathra, L50, F|100/100\n|switch|p2a: Glimmora|Glimmora, L50, M|100/100\n|turn|1\n|\n|t:|1776947198\n|move|p1a: Espathra|Lumina Crash|p2a: Glimmora\n|-supereffective|p2a: Glimmora|1\n|-damage|p2a: Glimmora|2/100\n|-unboost|p2a: Glimmora|spd|2\n|move|p2a: Glimmora|Stealth Rock|p1a: Espathra\n|-sidestart|p1: burntime|move: Stealth Rock\n|\n|-ability|p1a: Espathra|Speed Boost|boost\n|-boost|p1a: Espathra|spe|1\n|upkeep\n|turn|2\n|\n|t:|1776947211\n|move|p1a: Espathra|Calm Mind|p1a: Espathra\n|-boost|p1a: Espathra|spa|1\n|-boost|p1a: Espathra|spd|1\n|move|p2a: Glimmora|Mud Shot|p1a: Espathra\n|-damage|p1a: Espathra|78/100\n|-unboost|p1a: Espathra|spe|1\n|\n|-ability|p1a: Espathra|Speed Boost|boost\n|-boost|p1a: Espathra|spe|1\n|upkeep\n|turn|3\n|\n|t:|1776947223\n|move|p1a: Espathra|Calm Mind|p1a: Espathra\n|-boost|p1a: Espathra|spa|1\n|-boost|p1a: Espathra|spd|1\n|move|p2a: Glimmora|Mortal Spin|p1a: Espathra\n|-damage|p1a: Espathra|69/100\n|-status|p1a: Espathra|psn\n|\n|-damage|p1a: Espathra|56/100 psn|[from] psn\n|-ability|p1a: Espathra|Speed Boost|boost\n|-boost|p1a: Espathra|spe|1\n|upkeep\n|turn|4\n|\n|t:|1776947235\n|move|p1a: Espathra|Lumina Crash|p2a: Glimmora\n|-supereffective|p2a: Glimmora|1\n|-damage|p2a: Glimmora|0 fnt\n|faint|p2a: Glimmora\n|\n|-damage|p1a: Espathra|44/100 psn|[from] psn\n|-ability|p1a: Espathra|Speed Boost|boost\n|-boost|p1a: Espathra|spe|1\n|upkeep\n|-enditem|p1a: Espathra|Sitrus Berry|[eat]\n|-heal|p1a: Espathra|69/100 psn|[from] item: Sitrus Berry\n|\n|t:|1776947246\n|switch|p2a: Mimikyu|Mimikyu, L50, M|100/100\n|turn|5\n|\n|t:|1776947250\n|move|p1a: Espathra|Baton Pass|p1a: Espathra\n|\n|t:|1776947259\n|switch|p1a: Glimmora|Glimmora, L50, M|100/100|[from] Baton Pass\n|-damage|p1a: Glimmora|88/100|[from] Stealth Rock\n|move|p2a: Mimikyu|Curse|p1a: Glimmora\n|-start|p1a: Glimmora|Curse|[of] p2a: Mimikyu\n|-damage|p2a: Mimikyu|51/100\n|\n|-damage|p1a: Glimmora|63/100|[from] Curse\n|upkeep\n|turn|6\n|inactive|Yuma1146 has 30 seconds left.\n|\n|t:|1776947287\n|move|p1a: Glimmora|Sludge Bomb|p2a: Mimikyu\n|-activate|p2a: Mimikyu|ability: Disguise\n|-damage|p2a: Mimikyu|51/100\n|-status|p2a: Mimikyu|psn\n|detailschange|p2a: Mimikyu|Mimikyu-Busted, L50, M\n|-damage|p2a: Mimikyu|38/100 psn|[from] pokemon: Mimikyu-Busted\n|move|p2a: Mimikyu|Substitute|p2a: Mimikyu\n|-start|p2a: Mimikyu|Substitute\n|-damage|p2a: Mimikyu|14/100 psn\n|\n|-damage|p2a: Mimikyu|1/100 psn|[from] psn\n|-damage|p1a: Glimmora|39/100|[from] Curse\n|upkeep\n|turn|7\n|\n|t:|1776947302\n|move|p1a: Glimmora|Spiky Shield|p1a: Glimmora\n|-singleturn|p1a: Glimmora|move: Protect\n|move|p2a: Mimikyu|Pain Split|p1a: Glimmora\n|-activate|p1a: Glimmora|move: Protect\n|\n|-damage|p2a: Mimikyu|0 fnt|[from] psn\n|faint|p2a: Mimikyu\n|-damage|p1a: Glimmora|14/100|[from] Curse\n|upkeep\n|\n|t:|1776947312\n|switch|p2a: Bellibolt|Bellibolt, L50, F|100/100\n|turn|8\n|\n|t:|1776947318\n|move|p1a: Glimmora|Sludge Bomb|p2a: Bellibolt\n|-damage|p2a: Bellibolt|44/100\n|-start|p2a: Bellibolt|Charge|Sludge Bomb|[from] ability: Electromorphosis\n|move|p2a: Bellibolt|Slack Off|p2a: Bellibolt\n|-heal|p2a: Bellibolt|94/100\n|\n|-heal|p2a: Bellibolt|99/100|[from] item: Leftovers\n|-damage|p1a: Glimmora|0 fnt|[from] Curse\n|faint|p1a: Glimmora\n|upkeep\n|\n|t:|1776947334\n|switch|p1a: Espathra|Espathra, L50, F|69/100 psn\n|-damage|p1a: Espathra|56/100 psn|[from] Stealth Rock\n|turn|9\n|\n|t:|1776947339\n|move|p1a: Espathra|Lumina Crash|p2a: Bellibolt\n|-damage|p2a: Bellibolt|76/100\n|-unboost|p2a: Bellibolt|spd|2\n|-start|p2a: Bellibolt|Charge|Lumina Crash|[from] ability: Electromorphosis\n|move|p2a: Bellibolt|Parabolic Charge|p1a: Espathra\n|-damage|p1a: Espathra|0 fnt\n|-heal|p2a: Bellibolt|98/100|[from] drain|[of] p1a: Espathra\n|faint|p1a: Espathra\n|-end|p2a: Bellibolt|Charge|[silent]\n|\n|-heal|p2a: Bellibolt|100/100|[from] item: Leftovers\n|upkeep\n|\n|t:|1776947353\n|switch|p1a: Volcarona|Volcarona, L50, F|100/100\n|-damage|p1a: Volcarona|51/100|[from] Stealth Rock\n|turn|10\n|\n|t:|1776947362\n|move|p1a: Volcarona|Quiver Dance|p1a: Volcarona\n|-boost|p1a: Volcarona|spa|1\n|-boost|p1a: Volcarona|spd|1\n|-boost|p1a: Volcarona|spe|1\n|move|p2a: Bellibolt|Parabolic Charge|p1a: Volcarona\n|-damage|p1a: Volcarona|37/100\n|\n|-heal|p1a: Volcarona|43/100|[from] item: Leftovers\n|upkeep\n|turn|11\n|\n|t:|1776947374\n|move|p1a: Volcarona|Quiver Dance|p1a: Volcarona\n|-boost|p1a: Volcarona|spa|1\n|-boost|p1a: Volcarona|spd|1\n|-boost|p1a: Volcarona|spe|1\n|move|p2a: Bellibolt|Soak|p1a: Volcarona\n|-start|p1a: Volcarona|typechange|Water\n|\n|-heal|p1a: Volcarona|49/100|[from] item: Leftovers\n|upkeep\n|turn|12\n|j| knochum\n|\n|t:|1776947385\n|move|p1a: Volcarona|Fiery Dance|p2a: Bellibolt\n|-damage|p2a: Bellibolt|39/100\n|-start|p2a: Bellibolt|Charge|Fiery Dance|[from] ability: Electromorphosis\n|move|p2a: Bellibolt|Parabolic Charge|p1a: Volcarona\n|-supereffective|p1a: Volcarona|1\n|-damage|p1a: Volcarona|7/100\n|-heal|p2a: Bellibolt|57/100|[from] drain|[of] p1a: Volcarona\n|-end|p2a: Bellibolt|Charge|[silent]\n|\n|-heal|p1a: Volcarona|13/100|[from] item: Leftovers\n|-heal|p2a: Bellibolt|63/100|[from] item: Leftovers\n|upkeep\n|turn|13\n|j| Lilgum\n|\n|t:|1776947404\n|move|p1a: Volcarona|Fiery Dance|p2a: Bellibolt\n|-damage|p2a: Bellibolt|0 fnt\n|-boost|p1a: Volcarona|spa|1\n|faint|p2a: Bellibolt\n|\n|win|burntime\n|raw|burntime's rating: 1210 &rarr; <strong>1245</strong><br />(+35 for winning)\n|raw|Yuma1146's rating: 1360 &rarr; <strong>1332</strong><br />(-28 for losing)\n|l|\u2606Yuma1146\n|player|p2|\n", "uploadtime": 1776947426, "views": 10, "formatid": "gen9championsbssregma", "rating": 1245, "private": 0, "password": null}