{"id": "gen9championsbssregma-2589590546", "format": "[Gen 9 Champions] BSS Reg M-A", "players": ["Orasusum", "Gshs5"], "log": "|j|\u2606Orasusum\n|j|\u2606Gshs5\n|t:|1776737004\n|gametype|singles\n|player|p1|Orasusum|ghetsis-gen5bw|1170\n|player|p2|Gshs5|169|1178\n|gen|9\n|tier|[Gen 9 Champions] BSS Reg M-A\n|rated|\n|rule|Species Clause: Limit one of each Pok\u00e9mon\n|rule|Item Clause: Limit 1 of each item\n|clearpoke\n|poke|p1|Floette-Eternal, L50, F|\n|poke|p1|Aegislash, L50, M, shiny|\n|poke|p1|Garchomp, L50, M, shiny|\n|poke|p1|Umbreon, L50, F, shiny|\n|poke|p1|Meowscarada, L50, M, shiny|\n|poke|p1|Kangaskhan, L50, F, shiny|\n|poke|p2|Charizard, L50, M|\n|poke|p2|Primarina, L50, F|\n|poke|p2|Tyranitar, L50, M|\n|poke|p2|Scizor, L50, M|\n|poke|p2|Gliscor, L50, M|\n|poke|p2|Roserade, L50, F|\n|teampreview|3\n|inactive|Battle timer is ON: inactive players will automatically lose when time's up. (requested by Orasusum)\n|inactive|Gshs5 has 60 seconds left.\n|\n|t:|1776737051\n|teamsize|p1|3\n|teamsize|p2|3\n|start\n|switch|p1a: Kangaskhan|Kangaskhan, L50, F, shiny|100/100\n|switch|p2a: Charizard|Charizard, L50, M|100/100\n|turn|1\n|inactive|Orasusum has 30 seconds left.\n|\n|t:|1776737078\n|detailschange|p2a: Charizard|Charizard-Mega-X, L50, M\n|-mega|p2a: Charizard|Charizard|Charizardite X\n|move|p1a: Kangaskhan|Fake Out|p2a: Charizard\n|-damage|p2a: Charizard|87/100\n|cant|p2a: Charizard|flinch\n|\n|upkeep\n|turn|2\n|\n|t:|1776737087\n|detailschange|p1a: Kangaskhan|Kangaskhan-Mega, L50, F, shiny\n|-mega|p1a: Kangaskhan|Kangaskhan|Kangaskhanite\n|move|p2a: Charizard|Will-O-Wisp|p1a: Kangaskhan\n|-status|p1a: Kangaskhan|brn\n|move|p1a: Kangaskhan|Earthquake|p2a: Charizard\n|-supereffective|p2a: Charizard|1\n|-damage|p2a: Charizard|56/100\n|-supereffective|p2a: Charizard|1\n|-damage|p2a: Charizard|49/100\n|-hitcount|p2a: Charizard|2\n|\n|-damage|p1a: Kangaskhan|94/100 brn|[from] brn\n|upkeep\n|turn|3\n|\n|t:|1776737094\n|move|p2a: Charizard|Roost|p2a: Charizard\n|-heal|p2a: Charizard|99/100\n|-singleturn|p2a: Charizard|move: Roost\n|move|p1a: Kangaskhan|Earthquake|p2a: Charizard\n|-supereffective|p2a: Charizard|1\n|-damage|p2a: Charizard|71/100\n|-supereffective|p2a: Charizard|1\n|-crit|p2a: Charizard\n|-damage|p2a: Charizard|60/100\n|-hitcount|p2a: Charizard|2\n|\n|-damage|p1a: Kangaskhan|88/100 brn|[from] brn\n|upkeep\n|turn|4\n|\n|t:|1776737101\n|switch|p2a: Scizor|Scizor, L50, M|100/100\n|move|p1a: Kangaskhan|Earthquake|p2a: Scizor\n|-damage|p2a: Scizor|88/100\n|-damage|p2a: Scizor|85/100\n|-hitcount|p2a: Scizor|2\n|\n|-damage|p1a: Kangaskhan|82/100 brn|[from] brn\n|upkeep\n|turn|5\n|\n|t:|1776737109\n|switch|p1a: Umbreon|Umbreon, L50, F, shiny|100/100\n|move|p2a: Scizor|Bullet Punch|p1a: Umbreon\n|-damage|p1a: Umbreon|81/100\n|\n|-heal|p1a: Umbreon|87/100|[from] item: Leftovers\n|upkeep\n|turn|6\n|\n|t:|1776737117\n|move|p1a: Umbreon|Yawn|p2a: Scizor\n|-start|p2a: Scizor|move: Yawn|[of] p1a: Umbreon\n|move|p2a: Scizor|U-turn|p1a: Umbreon\n|-supereffective|p1a: Umbreon|1\n|-damage|p1a: Umbreon|44/100\n|\n|t:|1776737121\n|switch|p2a: Primarina|Primarina, L50, F|100/100|[from] U-turn\n|\n|-heal|p1a: Umbreon|50/100|[from] item: Leftovers\n|upkeep\n|turn|7\n|\n|t:|1776737140\n|switch|p1a: Kangaskhan|Kangaskhan-Mega, L50, F, shiny|82/100 brn\n|move|p2a: Primarina|Calm Mind|p2a: Primarina\n|-boost|p2a: Primarina|spa|1\n|-boost|p2a: Primarina|spd|1\n|\n|-damage|p1a: Kangaskhan|75/100 brn|[from] brn\n|upkeep\n|turn|8\n|\n|t:|1776737147\n|move|p1a: Kangaskhan|Fake Out|p2a: Primarina\n|-damage|p2a: Primarina|88/100\n|-damage|p2a: Primarina|86/100\n|-hitcount|p2a: Primarina|2\n|cant|p2a: Primarina|flinch\n|\n|-heal|p2a: Primarina|91/100|[from] item: Leftovers\n|-damage|p1a: Kangaskhan|69/100 brn|[from] brn\n|upkeep\n|turn|9\n|\n|t:|1776737154\n|move|p1a: Kangaskhan|Earthquake|p2a: Primarina\n|-damage|p2a: Primarina|73/100\n|-damage|p2a: Primarina|68/100\n|-hitcount|p2a: Primarina|2\n|move|p2a: Primarina|Moonblast|p1a: Kangaskhan\n|-damage|p1a: Kangaskhan|15/100 brn\n|\n|-heal|p2a: Primarina|74/100|[from] item: Leftovers\n|-damage|p1a: Kangaskhan|9/100 brn|[from] brn\n|upkeep\n|turn|10\n|-message|Orasusum forfeited.\n|\n|win|Gshs5\n|raw|Orasusum's rating: 1170 &rarr; <strong>1146</strong><br />(-24 for losing)\n|raw|Gshs5's rating: 1178 &rarr; <strong>1202</strong><br />(+24 for winning)\n|l|\u2606Orasusum\n|player|p1|\n", "uploadtime": 1776737164, "views": 0, "formatid": "gen9championsbssregma", "rating": 1146, "private": 0, "password": null}