{"id": "gen9championsbssregma-2591179581", "format": "[Gen 9 Champions] BSS Reg M-A", "players": ["jolextestteam93", "PopinoVT"], "log": "|j|\u2606jolextestteam93\n|j|\u2606PopinoVT\n|t:|1776879543\n|gametype|singles\n|player|p1|jolextestteam93|lucas|1257\n|player|p2|PopinoVT|cynthia|1227\n|gen|9\n|tier|[Gen 9 Champions] BSS Reg M-A\n|rated|\n|rule|Species Clause: Limit one of each Pok\u00e9mon\n|rule|Item Clause: Limit 1 of each item\n|clearpoke\n|poke|p1|Charizard, L50, M|\n|poke|p1|Greninja, L50, M, shiny|\n|poke|p1|Hippowdon, L50, M|\n|poke|p1|Meowscarada, L50, F|\n|poke|p1|Tinkaton, L50, F|\n|poke|p1|Rotom-Frost, L50, shiny|\n|poke|p2|Lucario, L50, F|\n|poke|p2|Meowscarada, L50, M|\n|poke|p2|Garchomp, L50, F|\n|poke|p2|Delphox, L50, M|\n|poke|p2|Milotic, L50, F|\n|poke|p2|Kingambit, L50, M|\n|teampreview|3\n|inactive|Battle timer is ON: inactive players will automatically lose when time's up. (requested by jolextestteam93)\n|\n|t:|1776879557\n|teamsize|p1|3\n|teamsize|p2|3\n|start\n|switch|p1a: Rotom|Rotom-Frost, L50, shiny|100/100\n|switch|p2a: Meowscarada|Meowscarada, L50, M|100/100\n|turn|1\n|\n|t:|1776879566\n|move|p2a: Meowscarada|U-turn|p1a: Rotom\n|-start|p2a: Meowscarada|typechange|Bug|[from] ability: Protean\n|-damage|p1a: Rotom|56/100\n|\n|t:|1776879571\n|switch|p2a: Lucario|Lucario, L50, F|100/100|[from] U-turn\n|move|p1a: Rotom|Trick||[still]\n|-fail|p1a: Rotom\n|\n|upkeep\n|turn|2\n|\n|t:|1776879580\n|switch|p1a: Hippowdon|Hippowdon, L50, M|100/100\n|-weather|Sandstorm|[from] ability: Sand Stream|[of] p1a: Hippowdon\n|detailschange|p2a: Lucario|Lucario-Mega, L50, F\n|-mega|p2a: Lucario|Lucario|Lucarionite\n|move|p2a: Lucario|Meteor Mash|p1a: Hippowdon\n|-damage|p1a: Hippowdon|65/100\n|\n|-weather|Sandstorm|[upkeep]\n|-heal|p1a: Hippowdon|71/100|[from] item: Leftovers\n|upkeep\n|turn|3\n|\n|t:|1776879593\n|move|p2a: Lucario|Meteor Mash|p1a: Hippowdon\n|-damage|p1a: Hippowdon|31/100\n|move|p1a: Hippowdon|Stealth Rock|p2a: Lucario\n|-sidestart|p2: PopinoVT|move: Stealth Rock\n|\n|-weather|Sandstorm|[upkeep]\n|-heal|p1a: Hippowdon|37/100|[from] item: Leftovers\n|upkeep\n|turn|4\n|\n|t:|1776879600\n|move|p2a: Lucario|Meteor Mash|p1a: Hippowdon\n|-damage|p1a: Hippowdon|3/100\n|move|p1a: Hippowdon|Slack Off|p1a: Hippowdon\n|-heal|p1a: Hippowdon|53/100\n|\n|-weather|Sandstorm|[upkeep]\n|-heal|p1a: Hippowdon|59/100|[from] item: Leftovers\n|upkeep\n|turn|5\n|\n|t:|1776879606\n|move|p2a: Lucario|Close Combat|p1a: Hippowdon\n|-damage|p1a: Hippowdon|9/100\n|-unboost|p2a: Lucario|def|1\n|-unboost|p2a: Lucario|spd|1\n|move|p1a: Hippowdon|Slack Off|p1a: Hippowdon\n|-heal|p1a: Hippowdon|59/100\n|\n|-weather|Sandstorm|[upkeep]\n|-heal|p1a: Hippowdon|65/100|[from] item: Leftovers\n|upkeep\n|turn|6\n|\n|t:|1776879611\n|move|p2a: Lucario|Bullet Punch|p1a: Hippowdon\n|-damage|p1a: Hippowdon|48/100\n|move|p1a: Hippowdon|Earthquake|p2a: Lucario\n|-supereffective|p2a: Lucario|1\n|-damage|p2a: Lucario|0 fnt\n|faint|p2a: Lucario\n|\n|-weather|none\n|-heal|p1a: Hippowdon|54/100|[from] item: Leftovers\n|upkeep\n|\n|t:|1776879617\n|switch|p2a: Meowscarada|Meowscarada, L50, M|100/100\n|-damage|p2a: Meowscarada|88/100|[from] Stealth Rock\n|turn|7\n|\n|t:|1776879623\n|move|p2a: Meowscarada|Flower Trick|p1a: Hippowdon\n|-start|p2a: Meowscarada|typechange|Grass|[from] ability: Protean\n|-supereffective|p1a: Hippowdon|1\n|-crit|p1a: Hippowdon\n|-damage|p1a: Hippowdon|0 fnt\n|faint|p1a: Hippowdon\n|\n|upkeep\n|\n|t:|1776879626\n|switch|p1a: Rotom|Rotom-Frost, L50, shiny|56/100\n|turn|8\n|\n|t:|1776879633\n|move|p2a: Meowscarada|Flower Trick|p1a: Rotom\n|-crit|p1a: Rotom\n|-damage|p1a: Rotom|0 fnt\n|faint|p1a: Rotom\n|\n|upkeep\n|\n|t:|1776879636\n|switch|p1a: Greninja|Greninja, L50, M, shiny|100/100\n|turn|9\n|\n|t:|1776879641\n|detailschange|p1a: Greninja|Greninja-Mega, L50, M, shiny\n|-mega|p1a: Greninja|Greninja|Greninjite\n|move|p2a: Meowscarada|Flower Trick|p1a: Greninja\n|-supereffective|p1a: Greninja|1\n|-crit|p1a: Greninja\n|-damage|p1a: Greninja|0 fnt\n|faint|p1a: Greninja\n|\n|win|PopinoVT\n|raw|jolextestteam93's rating: 1257 &rarr; <strong>1230</strong><br />(-27 for losing)\n|raw|PopinoVT's rating: 1227 &rarr; <strong>1254</strong><br />(+27 for winning)\n|l|\u2606jolextestteam93\n|player|p1|\n", "uploadtime": 1776879649, "views": 3, "formatid": "gen9championsbssregma", "rating": 1230, "private": 0, "password": null}