{"id": "gen9championsbssregma-2590078092", "format": "[Gen 9 Champions] BSS Reg M-A", "players": ["gshs5", "wanipoke"], "log": "|j|\u2606gshs5\n|j|\u2606wanipoke\n|t:|1776785543\n|gametype|singles\n|player|p1|gshs5|101|1134\n|player|p2|wanipoke|cheren|1204\n|gen|9\n|tier|[Gen 9 Champions] BSS Reg M-A\n|rated|\n|rule|Species Clause: Limit one of each Pok\u00e9mon\n|rule|Item Clause: Limit 1 of each item\n|clearpoke\n|poke|p1|Venusaur, L50, M|\n|poke|p1|Hippowdon, L50, M|\n|poke|p1|Aegislash, L50, F|\n|poke|p1|Altaria, L50, M|\n|poke|p1|Rotom-Wash, L50|\n|poke|p1|Scovillain, L50, F|\n|poke|p2|Krookodile, L50, F, shiny|\n|poke|p2|Banette, L50, M|\n|poke|p2|Primarina, L50, M|\n|poke|p2|Bellibolt, L50, F|\n|poke|p2|Corviknight, L50, M|\n|poke|p2|Lopunny, L50, F|\n|teampreview|3\n|\n|t:|1776785589\n|teamsize|p1|3\n|teamsize|p2|3\n|start\n|switch|p1a: Hippowdon|Hippowdon, L50, M|100/100\n|switch|p2a: Krookodile|Krookodile, L50, F, shiny|100/100\n|-ability|p2a: Krookodile|Intimidate|boost\n|-unboost|p1a: Hippowdon|atk|1\n|-weather|Sandstorm|[from] ability: Sand Stream|[of] p1a: Hippowdon\n|turn|1\n|\n|t:|1776785601\n|move|p2a: Krookodile|Taunt|p1a: Hippowdon\n|-start|p1a: Hippowdon|move: Taunt\n|cant|p1a: Hippowdon|move: Taunt|Stealth Rock\n|\n|-weather|Sandstorm|[upkeep]\n|upkeep\n|turn|2\n|\n|t:|1776785607\n|switch|p1a: Rotom|Rotom-Wash, L50|100/100\n|move|p2a: Krookodile|Earthquake|p1a: Rotom\n|-immune|p1a: Rotom|[from] ability: Levitate\n|\n|-weather|Sandstorm|[upkeep]\n|-damage|p1a: Rotom|95/100|[from] Sandstorm\n|upkeep\n|turn|3\n|\n|t:|1776785620\n|move|p2a: Krookodile|Taunt|p1a: Rotom\n|-start|p1a: Rotom|move: Taunt\n|move|p1a: Rotom|Hydro Pump|p2a: Krookodile\n|-supereffective|p2a: Krookodile|1\n|-damage|p2a: Krookodile|3/100\n|\n|-weather|Sandstorm|[upkeep]\n|-damage|p1a: Rotom|89/100|[from] Sandstorm\n|upkeep\n|turn|4\n|\n|t:|1776785639\n|switch|p1a: Hippowdon|Hippowdon, L50, M|100/100\n|move|p2a: Krookodile|Endeavor|p1a: Hippowdon\n|-damage|p1a: Hippowdon|3/100\n|\n|-weather|Sandstorm|[upkeep]\n|upkeep\n|turn|5\n|\n|t:|1776785647\n|move|p2a: Krookodile|Rock Tomb|p1a: Hippowdon|[miss]\n|-miss|p2a: Krookodile|p1a: Hippowdon\n|move|p1a: Hippowdon|Earthquake|p2a: Krookodile\n|-damage|p2a: Krookodile|0 fnt\n|faint|p2a: Krookodile\n|\n|-weather|none\n|upkeep\n|\n|t:|1776785657\n|switch|p2a: Banette|Banette, L50, M|100/100\n|turn|6\n|\n|t:|1776785661\n|move|p2a: Banette|Shadow Sneak|p1a: Hippowdon\n|-damage|p1a: Hippowdon|0 fnt\n|faint|p1a: Hippowdon\n|\n|upkeep\n|\n|t:|1776785666\n|switch|p1a: Venusaur|Venusaur, L50, M|100/100\n|turn|7\n|\n|t:|1776785674\n|detailschange|p1a: Venusaur|Venusaur-Mega, L50, M\n|-mega|p1a: Venusaur|Venusaur|Venusaurite\n|detailschange|p2a: Banette|Banette-Mega, L50, M\n|-mega|p2a: Banette|Banette|Banettite\n|move|p1a: Venusaur|Leech Seed|p2a: Banette\n|-start|p2a: Banette|move: Leech Seed\n|move|p2a: Banette|Poltergeist|p1a: Venusaur\n|-activate|p1a: Venusaur|move: Poltergeist|Venusaurite\n|-damage|p1a: Venusaur|52/100\n|\n|-damage|p2a: Banette|89/100|[from] Leech Seed|[of] p1a: Venusaur\n|-heal|p1a: Venusaur|62/100|[silent]\n|upkeep\n|turn|8\n|\n|t:|1776785689\n|move|p1a: Venusaur|Sludge Wave|p2a: Banette\n|-resisted|p2a: Banette|1\n|-damage|p2a: Banette|63/100\n|move|p2a: Banette|Poltergeist|p1a: Venusaur\n|-activate|p1a: Venusaur|move: Poltergeist|Venusaurite\n|-damage|p1a: Venusaur|14/100\n|\n|-damage|p2a: Banette|51/100|[from] Leech Seed|[of] p1a: Venusaur\n|-heal|p1a: Venusaur|24/100|[silent]\n|upkeep\n|turn|9\n|\n|t:|1776785700\n|move|p1a: Venusaur|Synthesis|p1a: Venusaur\n|-heal|p1a: Venusaur|74/100\n|move|p2a: Banette|Poltergeist|p1a: Venusaur\n|-activate|p1a: Venusaur|move: Poltergeist|Venusaurite\n|-damage|p1a: Venusaur|22/100\n|\n|-damage|p2a: Banette|39/100|[from] Leech Seed|[of] p1a: Venusaur\n|-heal|p1a: Venusaur|32/100|[silent]\n|upkeep\n|turn|10\n|\n|t:|1776785720\n|move|p2a: Banette|Will-O-Wisp|p1a: Venusaur\n|-status|p1a: Venusaur|brn\n|move|p1a: Venusaur|Synthesis|p1a: Venusaur\n|-heal|p1a: Venusaur|82/100 brn\n|\n|-damage|p2a: Banette|28/100|[from] Leech Seed|[of] p1a: Venusaur\n|-heal|p1a: Venusaur|92/100 brn|[silent]\n|-damage|p1a: Venusaur|86/100 brn|[from] brn\n|upkeep\n|turn|11\n|\n|t:|1776785737\n|move|p2a: Banette|Poltergeist|p1a: Venusaur\n|-activate|p1a: Venusaur|move: Poltergeist|Venusaurite\n|-damage|p1a: Venusaur|36/100 brn\n|move|p1a: Venusaur|Sludge Wave|p2a: Banette\n|-resisted|p2a: Banette|1\n|-damage|p2a: Banette|3/100\n|\n|-damage|p2a: Banette|0 fnt|[from] Leech Seed|[of] p1a: Venusaur\n|-heal|p1a: Venusaur|38/100 brn|[silent]\n|faint|p2a: Banette\n|-damage|p1a: Venusaur|32/100 brn|[from] brn\n|upkeep\n|\n|t:|1776785749\n|switch|p2a: Primarina|Primarina, L50, M|100/100\n|turn|12\n|-message|wanipoke forfeited.\n|\n|win|gshs5\n|raw|gshs5's rating: 1134 &rarr; <strong>1164</strong><br />(+30 for winning)\n|raw|wanipoke's rating: 1204 &rarr; <strong>1174</strong><br />(-30 for losing)\n|l|\u2606wanipoke\n|player|p2|\n", "uploadtime": 1776785759, "views": 3, "formatid": "gen9championsbssregma", "rating": 1164, "private": 0, "password": null}