{"id": "gen9championsbssregma-2593178961", "format": "[Gen 9 Champions] BSS Reg M-A", "players": ["Ineedaonetype", "boi in the back"], "log": "|j|\u2606Ineedaonetype\n|j|\u2606boi in the back\n|t:|1777058491\n|gametype|singles\n|player|p1|Ineedaonetype|266|1226\n|player|p2|boi in the back|jacinthe|1296\n|gen|9\n|tier|[Gen 9 Champions] BSS Reg M-A\n|rated|\n|rule|Species Clause: Limit one of each Pok\u00e9mon\n|rule|Item Clause: Limit 1 of each item\n|clearpoke\n|poke|p1|Ninetales-Alola, L50, M|\n|poke|p1|Garchomp, L50, M|\n|poke|p1|Corviknight, L50, F|\n|poke|p1|Scovillain, L50, M|\n|poke|p1|Palafin, L50, M|\n|poke|p1|Dragonite, L50, F|\n|poke|p2|Meganium, L50, M, shiny|\n|poke|p2|Garchomp, L50, M|\n|poke|p2|Lucario, L50, F|\n|poke|p2|Kingambit, L50, F|\n|poke|p2|Volcarona, L50, F, shiny|\n|poke|p2|Gengar, L50, F|\n|teampreview|3\n|inactive|Battle timer is ON: inactive players will automatically lose when time's up. (requested by boi in the back)\n|\n|t:|1777058506\n|teamsize|p1|3\n|teamsize|p2|3\n|start\n|switch|p1a: Palafin|Palafin, L50, M|100/100\n|switch|p2a: Lucario|Lucario, L50, F|100/100\n|turn|1\n|\n|t:|1777058516\n|detailschange|p2a: Lucario|Lucario-Mega, L50, F\n|-mega|p2a: Lucario|Lucario|Lucarionite\n|move|p2a: Lucario|Close Combat|p1a: Palafin\n|-damage|p1a: Palafin|0 fnt\n|-unboost|p2a: Lucario|def|1\n|-unboost|p2a: Lucario|spd|1\n|faint|p1a: Palafin\n|\n|upkeep\n|\n|t:|1777058522\n|switch|p1a: Scovillain|Scovillain, L50, M|100/100\n|turn|2\n|\n|t:|1777058531\n|switch|p2a: Volcarona|Volcarona, L50, F, shiny|100/100\n|move|p1a: Scovillain|Leech Seed|p2a: Volcarona\n|-start|p2a: Volcarona|move: Leech Seed\n|\n|-damage|p2a: Volcarona|88/100|[from] Leech Seed|[of] p1a: Scovillain\n|-ability|p1a: Scovillain|Moody|boost\n|-boost|p1a: Scovillain|spe|2\n|-unboost|p1a: Scovillain|def|1\n|upkeep\n|turn|3\n|\n|t:|1777058537\n|move|p1a: Scovillain|Flamethrower|p2a: Volcarona\n|-damage|p2a: Volcarona|56/100\n|move|p2a: Volcarona|Quiver Dance|p2a: Volcarona\n|-boost|p2a: Volcarona|spa|1\n|-boost|p2a: Volcarona|spd|1\n|-boost|p2a: Volcarona|spe|1\n|\n|-damage|p2a: Volcarona|44/100|[from] Leech Seed|[of] p1a: Scovillain\n|-ability|p1a: Scovillain|Moody|boost\n|-boost|p1a: Scovillain|spa|2\n|-unboost|p1a: Scovillain|def|1\n|upkeep\n|-enditem|p2a: Volcarona|Sitrus Berry|[eat]\n|-heal|p2a: Volcarona|69/100|[from] item: Sitrus Berry\n|turn|4\n|\n|t:|1777058551\n|move|p1a: Scovillain|Flamethrower|p2a: Volcarona\n|-damage|p2a: Volcarona|24/100\n|move|p2a: Volcarona|Fiery Dance|p1a: Scovillain\n|-damage|p1a: Scovillain|48/100\n|\n|-damage|p2a: Volcarona|12/100|[from] Leech Seed|[of] p1a: Scovillain\n|-heal|p1a: Scovillain|62/100|[silent]\n|-ability|p1a: Scovillain|Moody|boost\n|-boost|p1a: Scovillain|def|2\n|-unboost|p1a: Scovillain|atk|1\n|upkeep\n|turn|5\n|\n|t:|1777058558\n|move|p1a: Scovillain|Flamethrower|p2a: Volcarona\n|-damage|p2a: Volcarona|0 fnt\n|faint|p2a: Volcarona\n|\n|-ability|p1a: Scovillain|Moody|boost\n|-boost|p1a: Scovillain|spe|2\n|-unboost|p1a: Scovillain|spa|1\n|upkeep\n|\n|t:|1777058564\n|switch|p2a: Kingambit|Kingambit, L50, F|100/100\n|turn|6\n|\n|t:|1777058573\n|detailschange|p1a: Scovillain|Scovillain-Mega, L50, M\n|-mega|p1a: Scovillain|Scovillain|Scovillainite\n|move|p2a: Kingambit|Sucker Punch|p1a: Scovillain\n|-damage|p1a: Scovillain|13/100\n|-status|p2a: Kingambit|brn|[from] ability: Spicy Spray|[of] p1a: Scovillain\n|move|p1a: Scovillain|Flamethrower|p2a: Kingambit\n|-supereffective|p2a: Kingambit|1\n|-damage|p2a: Kingambit|0 fnt\n|faint|p2a: Kingambit\n|\n|upkeep\n|\n|t:|1777058577\n|switch|p2a: Lucario|Lucario-Mega, L50, F|100/100\n|turn|7\n|\n|t:|1777058584\n|move|p2a: Lucario|Extreme Speed|p1a: Scovillain\n|-damage|p1a: Scovillain|0 fnt\n|-status|p2a: Lucario|brn|[from] ability: Spicy Spray|[of] p1a: Scovillain\n|faint|p1a: Scovillain\n|\n|-damage|p2a: Lucario|94/100 brn|[from] brn\n|upkeep\n|\n|t:|1777058586\n|switch|p1a: Ninetales|Ninetales-Alola, L50, M|100/100\n|turn|8\n|\n|t:|1777058598\n|move|p2a: Lucario|Meteor Mash|p1a: Ninetales\n|-supereffective|p1a: Ninetales|2\n|-enditem|p1a: Ninetales|Focus Sash\n|-damage|p1a: Ninetales|1/100\n|move|p1a: Ninetales|Freeze-Dry|p2a: Lucario\n|-resisted|p2a: Lucario|1\n|-crit|p2a: Lucario\n|-damage|p2a: Lucario|69/100 brn\n|\n|-damage|p2a: Lucario|63/100 brn|[from] brn\n|upkeep\n|turn|9\n|c|\u2606boi in the back|wrong snow ability\n|-message|Ineedaonetype forfeited.\n|\n|win|boi in the back\n|raw|Ineedaonetype's rating: 1226 &rarr; <strong>1206</strong><br />(-20 for losing)\n|raw|boi in the back's rating: 1296 &rarr; <strong>1316</strong><br />(+20 for winning)\n|l|\u2606Ineedaonetype\n|player|p1|\n", "uploadtime": 1777058607, "views": 2, "formatid": "gen9championsbssregma", "rating": 1206, "private": 0, "password": null}