{"id": "gen9championsbssregma-2592437705", "format": "[Gen 9 Champions] BSS Reg M-A", "players": ["Jean-Raoul Scoot", "unkoshitai"], "log": "|j|\u2606Jean-Raoul Scoot\n|j|\u2606unkoshitai\n|t:|1776989419\n|gametype|singles\n|player|p1|Jean-Raoul Scoot|bugcatcher-gen4dp|1398\n|player|p2|unkoshitai|1|1389\n|gen|9\n|tier|[Gen 9 Champions] BSS Reg M-A\n|rated|\n|rule|Species Clause: Limit one of each Pok\u00e9mon\n|rule|Item Clause: Limit 1 of each item\n|clearpoke\n|poke|p1|Samurott-Hisui, L50, M|\n|poke|p1|Bellibolt, L50, F|\n|poke|p1|Skeledirge, L50, M|\n|poke|p1|Meowscarada, L50, F|\n|poke|p1|Froslass, L50, F|\n|poke|p1|Skarmory, L50, F|\n|poke|p2|Hydreigon, L50, F|\n|poke|p2|Aegislash, L50, M|\n|poke|p2|Gyarados, L50, F|\n|poke|p2|Corviknight, L50, M|\n|poke|p2|Volcarona, L50, M|\n|poke|p2|Scizor, L50, M|\n|teampreview|3\n|inactive|Battle timer is ON: inactive players will automatically lose when time's up. (requested by unkoshitai)\n|inactive|Jean-Raoul Scoot has 60 seconds left.\n|inactive|Jean-Raoul Scoot has 30 seconds left.\n|inactive|Jean-Raoul Scoot has 20 seconds left.\n|inactive|Jean-Raoul Scoot has 15 seconds left.\n|\n|t:|1776989539\n|teamsize|p1|3\n|teamsize|p2|3\n|start\n|switch|p1a: Meowscarada|Meowscarada, L50, F|100/100\n|switch|p2a: Hydreigon|Hydreigon, L50, F|100/100\n|turn|1\n|\n|t:|1776989559\n|move|p1a: Meowscarada|Triple Axel|p2a: Hydreigon\n|-start|p1a: Meowscarada|typechange|Ice|[from] ability: Protean\n|-supereffective|p2a: Hydreigon|1\n|-damage|p2a: Hydreigon|79/100\n|-supereffective|p2a: Hydreigon|1\n|-damage|p2a: Hydreigon|36/100\n|-supereffective|p2a: Hydreigon|1\n|-damage|p2a: Hydreigon|0 fnt\n|faint|p2a: Hydreigon\n|-hitcount|p2: Hydreigon|3\n|\n|upkeep\n|inactive|unkoshitai has 30 seconds left.\n|\n|t:|1776989587\n|switch|p2a: Volcarona|Volcarona, L50, M|100/100\n|turn|2\n|\n|t:|1776989592\n|switch|p1a: Samurott|Samurott-Hisui, L50, M|100/100\n|move|p2a: Volcarona|Quiver Dance|p2a: Volcarona\n|-boost|p2a: Volcarona|spa|1\n|-boost|p2a: Volcarona|spd|1\n|-boost|p2a: Volcarona|spe|1\n|\n|upkeep\n|turn|3\n|\n|t:|1776989602\n|move|p2a: Volcarona|Giga Drain|p1a: Samurott\n|-supereffective|p1a: Samurott|1\n|-enditem|p1a: Samurott|Focus Sash\n|-damage|p1a: Samurott|1/100\n|move|p1a: Samurott|Razor Shell|p2a: Volcarona\n|-supereffective|p2a: Volcarona|1\n|-damage|p2a: Volcarona|0 fnt\n|faint|p2a: Volcarona\n|\n|upkeep\n|\n|t:|1776989612\n|switch|p2a: Gyarados|Gyarados, L50, F|100/100\n|-ability|p2a: Gyarados|Intimidate|boost\n|-unboost|p1a: Samurott|atk|1\n|turn|4\n|\n|t:|1776989617\n|move|p1a: Samurott|Razor Shell|p2a: Gyarados\n|-resisted|p2a: Gyarados|1\n|-damage|p2a: Gyarados|77/100\n|move|p2a: Gyarados|Dragon Dance|p2a: Gyarados\n|-boost|p2a: Gyarados|atk|1\n|-boost|p2a: Gyarados|spe|1\n|\n|upkeep\n|turn|5\n|\n|t:|1776989625\n|move|p2a: Gyarados|Dragon Dance|p2a: Gyarados\n|-boost|p2a: Gyarados|atk|1\n|-boost|p2a: Gyarados|spe|1\n|move|p1a: Samurott|Razor Shell|p2a: Gyarados\n|-resisted|p2a: Gyarados|1\n|-damage|p2a: Gyarados|55/100\n|-unboost|p2a: Gyarados|def|1\n|\n|upkeep\n|turn|6\n|\n|t:|1776989636\n|detailschange|p2a: Gyarados|Gyarados-Mega, L50, F\n|-mega|p2a: Gyarados|Gyarados|Gyaradosite\n|-ability|p2a: Gyarados|Mold Breaker\n|move|p2a: Gyarados|Earthquake|p1a: Samurott\n|-damage|p1a: Samurott|0 fnt\n|faint|p1a: Samurott\n|\n|upkeep\n|\n|t:|1776989644\n|switch|p1a: Meowscarada|Meowscarada, L50, F|100/100\n|turn|7\n|\n|t:|1776989649\n|move|p1a: Meowscarada|Flower Trick|p2a: Gyarados\n|-start|p1a: Meowscarada|typechange|Grass|[from] ability: Protean\n|-supereffective|p2a: Gyarados|1\n|-crit|p2a: Gyarados\n|-damage|p2a: Gyarados|0 fnt\n|faint|p2a: Gyarados\n|\n|win|Jean-Raoul Scoot\n|raw|Jean-Raoul Scoot's rating: 1398 &rarr; <strong>1417</strong><br />(+19 for winning)\n|raw|unkoshitai's rating: 1389 &rarr; <strong>1370</strong><br />(-19 for losing)\n|c|\u2606Jean-Raoul Scoot|gg\n|l|\u2606unkoshitai\n|player|p2|\n|l|\u2606Jean-Raoul Scoot\n|player|p1|\n", "uploadtime": 1776989686, "views": 1, "formatid": "gen9championsbssregma", "rating": 1370, "private": 0, "password": null}