{"id": "gen9championsbssregma-2590409314", "format": "[Gen 9 Champions] BSS Reg M-A", "players": ["Aledson", "Acrodude"], "log": "|j|\u2606Aledson\n|j|\u2606Acrodude\n|t:|1776807429\n|gametype|singles\n|player|p1|Aledson|170|1191\n|player|p2|Acrodude|170|1233\n|gen|9\n|tier|[Gen 9 Champions] BSS Reg M-A\n|rated|\n|rule|Species Clause: Limit one of each Pok\u00e9mon\n|rule|Item Clause: Limit 1 of each item\n|clearpoke\n|poke|p1|Scovillain, L50, M|\n|poke|p1|Froslass, L50, F|\n|poke|p1|Sableye, L50, M|\n|poke|p1|Greninja, L50, F|\n|poke|p1|Basculegion, L50, M|\n|poke|p1|Garchomp, L50, M|\n|poke|p2|Ditto, L50|\n|poke|p2|Kangaskhan, L50, F|\n|poke|p2|Talonflame, L50, M|\n|poke|p2|Floette-Eternal, L50, F|\n|poke|p2|Garchomp, L50, M|\n|poke|p2|Skarmory, L50, M|\n|teampreview|3\n|inactive|Battle timer is ON: inactive players will automatically lose when time's up. (requested by Acrodude)\n|\n|t:|1776807458\n|teamsize|p1|3\n|teamsize|p2|3\n|start\n|switch|p1a: Sableye|Sableye, L50, M|100/100\n|switch|p2a: Skarmory|Skarmory, L50, M|100/100\n|turn|1\n|\n|t:|1776807477\n|switch|p2a: Kangaskhan|Kangaskhan, L50, F|100/100\n|move|p1a: Sableye|Protect||[still]\n|-fail|p1a: Sableye\n|\n|upkeep\n|turn|2\n|\n|t:|1776807487\n|move|p1a: Sableye|Protect|p1a: Sableye\n|-singleturn|p1a: Sableye|Protect\n|move|p2a: Kangaskhan|Fake Out|p1a: Sableye\n|-activate|p1a: Sableye|move: Protect\n|\n|upkeep\n|turn|3\n|\n|t:|1776807497\n|switch|p2a: Skarmory|Skarmory, L50, M|100/100\n|move|p1a: Sableye|Encore||[still]\n|-fail|p1a: Sableye\n|\n|upkeep\n|turn|4\n|\n|t:|1776807507\n|move|p1a: Sableye|Protect|p1a: Sableye\n|-singleturn|p1a: Sableye|Protect\n|move|p2a: Skarmory|Stealth Rock|p1a: Sableye\n|-sidestart|p1: Aledson|move: Stealth Rock\n|\n|upkeep\n|turn|5\n|\n|t:|1776807515\n|move|p1a: Sableye|Encore|p2a: Skarmory\n|-start|p2a: Skarmory|Encore\n|move|p2a: Skarmory|Stealth Rock||[still]\n|-fail|p2a: Skarmory\n|\n|upkeep\n|turn|6\n|\n|t:|1776807524\n|switch|p2a: Ditto|Ditto, L50|100/100\n|-transform|p2a: Ditto|p1a: Sableye|[from] ability: Imposter\n|move|p1a: Sableye|Foul Play|p2a: Ditto\n|-damage|p2a: Ditto|71/100\n|\n|upkeep\n|turn|7\n|\n|t:|1776807538\n|switch|p2a: Skarmory|Skarmory, L50, M|100/100\n|move|p1a: Sableye|Foul Play|p2a: Skarmory\n|-damage|p2a: Skarmory|83/100\n|\n|upkeep\n|turn|8\n|\n|t:|1776807546\n|move|p1a: Sableye|Protect|p1a: Sableye\n|-singleturn|p1a: Sableye|Protect\n|move|p2a: Skarmory|Spikes|p1a: Sableye\n|-sidestart|p1: Aledson|Spikes\n|\n|upkeep\n|turn|9\n|\n|t:|1776807553\n|move|p1a: Sableye|Encore|p2a: Skarmory\n|-start|p2a: Skarmory|Encore\n|move|p2a: Skarmory|Spikes|p1a: Sableye\n|-sidestart|p1: Aledson|Spikes\n|\n|upkeep\n|turn|10\n|\n|t:|1776807558\n|move|p2a: Skarmory|Spikes|p1a: Sableye\n|-sidestart|p1: Aledson|Spikes\n|move|p1a: Sableye|Foul Play|p2a: Skarmory\n|-damage|p2a: Skarmory|66/100\n|\n|upkeep\n|turn|11\n|\n|t:|1776807566\n|switch|p2a: Ditto|Ditto, L50|71/100\n|-transform|p2a: Ditto|p1a: Sableye|[from] ability: Imposter\n|move|p1a: Sableye|Foul Play|p2a: Ditto\n|-damage|p2a: Ditto|44/100\n|\n|upkeep\n|turn|12\n|\n|t:|1776807575\n|switch|p2a: Skarmory|Skarmory, L50, M|66/100\n|move|p1a: Sableye|Foul Play|p2a: Skarmory\n|-damage|p2a: Skarmory|48/100\n|-enditem|p2a: Skarmory|Sitrus Berry|[eat]\n|-heal|p2a: Skarmory|73/100|[from] item: Sitrus Berry\n|\n|upkeep\n|turn|13\n|\n|t:|1776807584\n|move|p1a: Sableye|Foul Play|p2a: Skarmory\n|-crit|p2a: Skarmory\n|-damage|p2a: Skarmory|45/100\n|move|p2a: Skarmory|Whirlwind|p1a: Sableye\n|drag|p1a: Basculegion|Basculegion, L50, M|100/100\n|-damage|p1a: Basculegion|88/100|[from] Stealth Rock\n|-damage|p1a: Basculegion|63/100|[from] Spikes\n|\n|upkeep\n|turn|14\n|\n|t:|1776807599\n|move|p1a: Basculegion|Wave Crash|p2a: Skarmory\n|-damage|p2a: Skarmory|1/100\n|-damage|p1a: Basculegion|51/100|[from] Recoil\n|move|p2a: Skarmory|Roost|p2a: Skarmory\n|-heal|p2a: Skarmory|51/100\n|-singleturn|p2a: Skarmory|move: Roost\n|\n|upkeep\n|turn|15\n|\n|t:|1776807608\n|move|p1a: Basculegion|Wave Crash|p2a: Skarmory\n|-damage|p2a: Skarmory|2/100\n|-damage|p1a: Basculegion|37/100|[from] Recoil\n|move|p2a: Skarmory|Roost|p2a: Skarmory\n|-heal|p2a: Skarmory|52/100\n|-singleturn|p2a: Skarmory|move: Roost\n|\n|upkeep\n|turn|16\n|inactive|Aledson has 30 seconds left.\n|inactive|Aledson has 20 seconds left.\n|inactive|Aledson has 15 seconds left.\n|\n|t:|1776807649\n|move|p1a: Basculegion|Wave Crash|p2a: Skarmory\n|-damage|p2a: Skarmory|7/100\n|-damage|p1a: Basculegion|23/100|[from] Recoil\n|move|p2a: Skarmory|Roost|p2a: Skarmory\n|-heal|p2a: Skarmory|57/100\n|-singleturn|p2a: Skarmory|move: Roost\n|\n|upkeep\n|turn|17\n|\n|t:|1776807657\n|move|p1a: Basculegion|Wave Crash|p2a: Skarmory\n|-damage|p2a: Skarmory|12/100\n|-damage|p1a: Basculegion|10/100|[from] Recoil\n|move|p2a: Skarmory|Roost|p2a: Skarmory\n|-heal|p2a: Skarmory|62/100\n|-singleturn|p2a: Skarmory|move: Roost\n|\n|upkeep\n|turn|18\n|\n|t:|1776807668\n|move|p1a: Basculegion|Wave Crash|p2a: Skarmory\n|-damage|p2a: Skarmory|13/100\n|-damage|p1a: Basculegion|0 fnt|[from] Recoil\n|faint|p1a: Basculegion\n|move|p2a: Skarmory|Roost|p2a: Skarmory\n|-heal|p2a: Skarmory|63/100\n|-singleturn|p2a: Skarmory|move: Roost\n|\n|upkeep\n|\n|t:|1776807685\n|switch|p1a: Froslass|Froslass, L50, F|100/100\n|-damage|p1a: Froslass|76/100|[from] Stealth Rock\n|-damage|p1a: Froslass|52/100|[from] Spikes\n|turn|19\n|\n|t:|1776807708\n|detailschange|p1a: Froslass|Froslass-Mega, L50, F\n|-mega|p1a: Froslass|Froslass|Froslassite\n|-weather|Snowscape|[from] ability: Snow Warning|[of] p1a: Froslass\n|move|p1a: Froslass|Blizzard|p2a: Skarmory\n|-damage|p2a: Skarmory|0 fnt\n|faint|p2a: Skarmory\n|\n|-weather|Snowscape|[upkeep]\n|upkeep\n|\n|t:|1776807719\n|switch|p2a: Ditto|Ditto, L50|44/100\n|-transform|p2a: Ditto|p1a: Froslass|[from] ability: Imposter\n|turn|20\n|\n|t:|1776807730\n|move|p2a: Ditto|Shadow Ball|p1a: Froslass\n|-supereffective|p1a: Froslass|1\n|-damage|p1a: Froslass|0 fnt\n|faint|p1a: Froslass\n|\n|-weather|Snowscape|[upkeep]\n|upkeep\n|\n|t:|1776807737\n|switch|p1a: Sableye|Sableye, L50, M|100/100\n|-damage|p1a: Sableye|88/100|[from] Stealth Rock\n|-damage|p1a: Sableye|64/100|[from] Spikes\n|turn|21\n|\n|t:|1776807747\n|move|p1a: Sableye|Protect|p1a: Sableye\n|-singleturn|p1a: Sableye|Protect\n|move|p2a: Ditto|Shadow Ball|p1a: Sableye\n|-activate|p1a: Sableye|move: Protect\n|\n|-weather|Snowscape|[upkeep]\n|-heal|p1a: Sableye|69/100|[from] item: Leftovers\n|upkeep\n|turn|22\n|\n|t:|1776807756\n|move|p1a: Sableye|Disable|p2a: Ditto\n|-start|p2a: Ditto|Disable|Shadow Ball\n|cant|p2a: Ditto|Disable|Shadow Ball\n|\n|-weather|Snowscape|[upkeep]\n|-heal|p1a: Sableye|75/100|[from] item: Leftovers\n|upkeep\n|turn|23\n|\n|t:|1776807778\n|move|p1a: Sableye|Encore|p2a: Ditto\n|-start|p2a: Ditto|Encore\n|cant|p2a: Ditto|Disable|Shadow Ball\n|\n|-weather|none\n|-heal|p1a: Sableye|81/100|[from] item: Leftovers\n|upkeep\n|turn|24\n|\n|t:|1776807785\n|switch|p2a: Kangaskhan|Kangaskhan, L50, F|100/100\n|move|p1a: Sableye|Foul Play|p2a: Kangaskhan\n|-damage|p2a: Kangaskhan|57/100\n|\n|-heal|p1a: Sableye|86/100|[from] item: Leftovers\n|upkeep\n|turn|25\n|\n|t:|1776807795\n|move|p1a: Sableye|Protect|p1a: Sableye\n|-singleturn|p1a: Sableye|Protect\n|move|p2a: Kangaskhan|Drain Punch|p1a: Sableye\n|-activate|p1a: Sableye|move: Protect\n|\n|-heal|p1a: Sableye|92/100|[from] item: Leftovers\n|upkeep\n|turn|26\n|\n|t:|1776807807\n|move|p1a: Sableye|Disable|p2a: Kangaskhan\n|-start|p2a: Kangaskhan|Disable|Drain Punch\n|cant|p2a: Kangaskhan|Disable|Drain Punch\n|\n|-heal|p1a: Sableye|98/100|[from] item: Leftovers\n|upkeep\n|turn|27\n|\n|t:|1776807817\n|move|p2a: Kangaskhan|Double-Edge|p1a: Sableye\n|-damage|p1a: Sableye|34/100\n|-damage|p2a: Kangaskhan|41/100|[from] Recoil\n|move|p1a: Sableye|Foul Play|p2a: Kangaskhan\n|-damage|p2a: Kangaskhan|0 fnt\n|faint|p2a: Kangaskhan\n|\n|-heal|p1a: Sableye|40/100|[from] item: Leftovers\n|upkeep\n|\n|t:|1776807824\n|switch|p2a: Ditto|Ditto, L50|44/100\n|-transform|p2a: Ditto|p1a: Sableye|[from] ability: Imposter\n|turn|28\n|\n|t:|1776807843\n|move|p1a: Sableye|Protect|p1a: Sableye\n|-singleturn|p1a: Sableye|Protect\n|move|p2a: Ditto|Foul Play|p1a: Sableye\n|-activate|p1a: Sableye|move: Protect\n|\n|-heal|p1a: Sableye|46/100|[from] item: Leftovers\n|upkeep\n|turn|29\n|\n|t:|1776807851\n|move|p2a: Ditto|Foul Play|p1a: Sableye\n|-damage|p1a: Sableye|15/100\n|move|p1a: Sableye|Foul Play|p2a: Ditto\n|-damage|p2a: Ditto|16/100\n|\n|-heal|p1a: Sableye|21/100|[from] item: Leftovers\n|upkeep\n|turn|30\n|inactive|Aledson has 30 seconds left.\n|\n|t:|1776807880\n|move|p1a: Sableye|Protect|p1a: Sableye\n|-singleturn|p1a: Sableye|Protect\n|move|p2a: Ditto|Foul Play|p1a: Sableye\n|-activate|p1a: Sableye|move: Protect\n|\n|-heal|p1a: Sableye|27/100|[from] item: Leftovers\n|upkeep\n|turn|31\n|\n|t:|1776807890\n|move|p2a: Ditto|Foul Play|p1a: Sableye\n|-damage|p1a: Sableye|0 fnt\n|faint|p1a: Sableye\n|\n|win|Acrodude\n|raw|Aledson's rating: 1191 &rarr; <strong>1169</strong><br />(-22 for losing)\n|raw|Acrodude's rating: 1233 &rarr; <strong>1255</strong><br />(+22 for winning)\n|l|\u2606Aledson\n|player|p1|\n", "uploadtime": 1776807956, "views": 9, "formatid": "gen9championsbssregma", "rating": 1169, "private": 0, "password": null}