{"id": "gen9championsbssregma-2592895549", "format": "[Gen 9 Champions] BSS Reg M-A", "players": ["pokex265", "boi in the back"], "log": "|j|\u2606pokex265\n|j|\u2606boi in the back\n|t:|1777038703\n|gametype|singles\n|player|p1|pokex265|dahlia|1233\n|player|p2|boi in the back|jacinthe|1179\n|gen|9\n|tier|[Gen 9 Champions] BSS Reg M-A\n|rated|\n|rule|Species Clause: Limit one of each Pok\u00e9mon\n|rule|Item Clause: Limit 1 of each item\n|clearpoke\n|poke|p1|Dragapult, L50, M|\n|poke|p1|Aggron, L50, M|\n|poke|p1|Greninja, L50, M|\n|poke|p1|Tsareena, L50, F|\n|poke|p1|Sylveon, L50, F|\n|poke|p1|Sneasler, L50, M|\n|poke|p2|Slowbro, L50, M, shiny|\n|poke|p2|Garchomp, L50, F|\n|poke|p2|Lucario, L50, F|\n|poke|p2|Kingambit, L50, M|\n|poke|p2|Delphox, L50, M, shiny|\n|poke|p2|Gengar, L50, F|\n|teampreview|3\n|inactive|Battle timer is ON: inactive players will automatically lose when time's up. (requested by boi in the back)\n|inactive|pokex265 has 60 seconds left.\n|\n|t:|1777038734\n|teamsize|p1|3\n|teamsize|p2|3\n|start\n|switch|p1a: Aggron|Aggron, L50, M|100/100\n|switch|p2a: Garchomp|Garchomp, L50, F|100/100\n|turn|1\n|\n|t:|1777038740\n|detailschange|p1a: Aggron|Aggron-Mega, L50, M\n|-mega|p1a: Aggron|Aggron|Aggronite\n|move|p2a: Garchomp|Earthquake|p1a: Aggron\n|-supereffective|p1a: Aggron|1\n|-damage|p1a: Aggron|60/100\n|move|p1a: Aggron|Roar|p2a: Garchomp\n|drag|p2a: Lucario|Lucario, L50, F|100/100\n|\n|upkeep\n|turn|2\n|\n|t:|1777038751\n|switch|p2a: Garchomp|Garchomp, L50, F|100/100\n|move|p1a: Aggron|Roar|p2a: Garchomp\n|drag|p2a: Lucario|Lucario, L50, F|100/100\n|\n|upkeep\n|turn|3\n|\n|t:|1777038759\n|switch|p2a: Garchomp|Garchomp, L50, F|100/100\n|move|p1a: Aggron|Roar|p2a: Garchomp\n|drag|p2a: Gengar|Gengar, L50, F|100/100\n|\n|upkeep\n|turn|4\n|\n|t:|1777038763\n|move|p2a: Gengar|Taunt|p1a: Aggron\n|-start|p1a: Aggron|move: Taunt\n|cant|p1a: Aggron|move: Taunt|Stealth Rock\n|\n|upkeep\n|turn|5\n|\n|t:|1777038769\n|switch|p1a: Greninja|Greninja, L50, M|100/100\n|move|p2a: Gengar|Shadow Ball|p1a: Greninja\n|-resisted|p1a: Greninja|1\n|-damage|p1a: Greninja|66/100\n|\n|upkeep\n|turn|6\n|\n|t:|1777038774\n|move|p1a: Greninja|Dark Pulse|p2a: Gengar\n|-start|p1a: Greninja|typechange|Dark|[from] ability: Protean\n|-supereffective|p2a: Gengar|1\n|-enditem|p2a: Gengar|Focus Sash\n|-damage|p2a: Gengar|1/100\n|-start|p1a: Greninja|Disable|Dark Pulse|[from] ability: Cursed Body|[of] p2a: Gengar\n|move|p2a: Gengar|Sludge Bomb|p1a: Greninja\n|-damage|p1a: Greninja|0 fnt\n|faint|p1a: Greninja\n|\n|upkeep\n|\n|t:|1777038780\n|switch|p1a: Sneasler|Sneasler, L50, M|100/100\n|turn|7\n|\n|t:|1777038784\n|move|p2a: Gengar|Destiny Bond|p2a: Gengar\n|-singlemove|p2a: Gengar|Destiny Bond\n|move|p1a: Sneasler|Throat Chop|p2a: Gengar\n|-supereffective|p2a: Gengar|1\n|-damage|p2a: Gengar|0 fnt\n|faint|p2a: Gengar\n|-activate|p2a: Gengar|move: Destiny Bond\n|faint|p1a: Sneasler\n|\n|upkeep\n|-message|pokex265 forfeited.\n|\n|win|boi in the back\n|raw|pokex265's rating: 1233 &rarr; <strong>1204</strong><br />(-29 for losing)\n|raw|boi in the back's rating: 1179 &rarr; <strong>1208</strong><br />(+29 for winning)\n|l|\u2606pokex265\n|player|p1|\n", "uploadtime": 1777038791, "views": 4, "formatid": "gen9championsbssregma", "rating": 1204, "private": 0, "password": null}