{"id": "gen9championsbssregma-2589968540", "format": "[Gen 9 Champions] BSS Reg M-A", "players": ["tawashi12", "meteor1101"], "log": "|j|\u2606tawashi12\n|j|\u2606meteor1101\n|t:|1776778080\n|gametype|singles\n|player|p1|tawashi12|102|1330\n|player|p2|meteor1101|acetrainerf|1461\n|gen|9\n|tier|[Gen 9 Champions] BSS Reg M-A\n|rated|\n|rule|Species Clause: Limit one of each Pok\u00e9mon\n|rule|Item Clause: Limit 1 of each item\n|clearpoke\n|poke|p1|Hippowdon, L50, M|\n|poke|p1|Kangaskhan, L50, F|\n|poke|p1|Mimikyu, L50, F|\n|poke|p1|Diggersby, L50, F|\n|poke|p1|Aegislash, L50, M|\n|poke|p1|Meganium, L50, F|\n|poke|p2|Kingambit, L50, F|\n|poke|p2|Meowscarada, L50, M|\n|poke|p2|Basculegion, L50, M|\n|poke|p2|Mimikyu, L50, F|\n|poke|p2|Victreebel, L50, F|\n|poke|p2|Dragonite, L50, M|\n|teampreview|3\n|inactive|Battle timer is ON: inactive players will automatically lose when time's up. (requested by tawashi12)\n|inactive|tawashi12 has 60 seconds left.\n|\n|t:|1776778121\n|teamsize|p1|3\n|teamsize|p2|3\n|start\n|switch|p1a: Diggersby|Diggersby, L50, F|100/100\n|switch|p2a: Dragonite|Dragonite, L50, M|100/100\n|turn|1\n|\n|t:|1776778127\n|detailschange|p2a: Dragonite|Dragonite-Mega, L50, M\n|-mega|p2a: Dragonite|Dragonite|Dragoninite\n|move|p2a: Dragonite|Air Slash|p1a: Diggersby\n|-damage|p1a: Diggersby|39/100\n|move|p1a: Diggersby|Ice Punch|p2a: Dragonite\n|-supereffective|p2a: Dragonite|2\n|-damage|p2a: Dragonite|34/100\n|\n|upkeep\n|turn|2\n|\n|t:|1776778146\n|move|p1a: Diggersby|Quick Attack|p2a: Dragonite\n|-damage|p2a: Dragonite|8/100\n|move|p2a: Dragonite|Air Slash|p1a: Diggersby\n|-damage|p1a: Diggersby|0 fnt\n|faint|p1a: Diggersby\n|\n|upkeep\n|\n|t:|1776778148\n|switch|p1a: Mimikyu|Mimikyu, L50, F|100/100\n|turn|3\n|\n|t:|1776778150\n|move|p2a: Dragonite|Aqua Jet|p1a: Mimikyu\n|-activate|p1a: Mimikyu|ability: Disguise\n|-damage|p1a: Mimikyu|100/100\n|detailschange|p1a: Mimikyu|Mimikyu-Busted, L50, F\n|-damage|p1a: Mimikyu|88/100|[from] pokemon: Mimikyu-Busted\n|move|p1a: Mimikyu|Shadow Sneak|p2a: Dragonite\n|-damage|p2a: Dragonite|0 fnt\n|faint|p2a: Dragonite\n|\n|upkeep\n|\n|t:|1776778154\n|switch|p2a: Mimikyu|Mimikyu, L50, F|100/100\n|turn|4\n|\n|t:|1776778157\n|move|p1a: Mimikyu|Shadow Sneak|p2a: Mimikyu\n|-activate|p2a: Mimikyu|ability: Disguise\n|-damage|p2a: Mimikyu|100/100\n|detailschange|p2a: Mimikyu|Mimikyu-Busted, L50, F\n|-damage|p2a: Mimikyu|88/100|[from] pokemon: Mimikyu-Busted\n|move|p2a: Mimikyu|Shadow Claw|p1a: Mimikyu\n|-supereffective|p1a: Mimikyu|1\n|-damage|p1a: Mimikyu|5/100\n|\n|upkeep\n|turn|5\n|\n|t:|1776778160\n|move|p2a: Mimikyu|Shadow Sneak|p1a: Mimikyu\n|-supereffective|p1a: Mimikyu|1\n|-damage|p1a: Mimikyu|0 fnt\n|faint|p1a: Mimikyu\n|\n|upkeep\n|\n|t:|1776778162\n|switch|p1a: Meganium|Meganium, L50, F|100/100\n|turn|6\n|\n|t:|1776778166\n|detailschange|p1a: Meganium|Meganium-Mega, L50, F\n|-mega|p1a: Meganium|Meganium|Meganiumite\n|move|p2a: Mimikyu|Shadow Claw|p1a: Meganium\n|-damage|p1a: Meganium|76/100\n|move|p1a: Meganium|Solar Beam||[still]\n|-prepare|p1a: Meganium|Solar Beam\n|-activate|p1a: Meganium|ability: Mega Sol\n|-anim|p1a: Meganium|Solar Beam|p2a: Mimikyu\n|-damage|p2a: Mimikyu|1/100\n|\n|upkeep\n|turn|7\n|\n|t:|1776778174\n|move|p2a: Mimikyu|Shadow Claw|p1a: Meganium\n|-damage|p1a: Meganium|49/100\n|move|p1a: Meganium|Synthesis|p1a: Meganium\n|-activate|p1a: Meganium|ability: Mega Sol\n|-heal|p1a: Meganium|100/100\n|\n|upkeep\n|turn|8\n|\n|t:|1776778179\n|move|p2a: Mimikyu|Shadow Claw|p1a: Meganium\n|-damage|p1a: Meganium|76/100\n|move|p1a: Meganium|Weather Ball|p2a: Mimikyu\n|-damage|p2a: Mimikyu|0 fnt\n|faint|p2a: Mimikyu\n|\n|upkeep\n|\n|t:|1776778180\n|switch|p2a: Basculegion|Basculegion, L50, M|100/100\n|turn|9\n|\n|t:|1776778184\n|move|p2a: Basculegion|Last Respects|p1a: Meganium\n|-damage|p1a: Meganium|0 fnt\n|faint|p1a: Meganium\n|\n|win|meteor1101\n|raw|tawashi12's rating: 1330 &rarr; <strong>1317</strong><br />(-13 for losing)\n|raw|meteor1101's rating: 1461 &rarr; <strong>1474</strong><br />(+13 for winning)\n|l|\u2606tawashi12\n|player|p1|\n", "uploadtime": 1776778190, "views": 4, "formatid": "gen9championsbssregma", "rating": 1317, "private": 0, "password": null}