{"id": "gen9championsbssregma-2589820750", "format": "[Gen 9 Champions] BSS Reg M-A", "players": ["Josep71", "meowstic0+"], "log": "|j|\u2606Josep71\n|j|\u2606meowstic0+\n|t:|1776763753\n|gametype|singles\n|player|p1|Josep71|red|1357\n|player|p2|meowstic0+|caitlin|1366\n|gen|9\n|tier|[Gen 9 Champions] BSS Reg M-A\n|rated|\n|rule|Species Clause: Limit one of each Pok\u00e9mon\n|rule|Item Clause: Limit 1 of each item\n|clearpoke\n|poke|p1|Kangaskhan, L50, F|\n|poke|p1|Clefable, L50, M|\n|poke|p1|Araquanid, L50, F|\n|poke|p1|Garchomp, L50, F|\n|poke|p1|Rotom-Heat, L50|\n|poke|p1|Serperior, L50, F|\n|poke|p2|Meganium, L50, M|\n|poke|p2|Excadrill, L50, F|\n|poke|p2|Froslass, L50, F|\n|poke|p2|Tyranitar, L50, F|\n|poke|p2|Rotom-Wash, L50|\n|poke|p2|Corviknight, L50, F|\n|teampreview|3\n|inactive|Battle timer is ON: inactive players will automatically lose when time's up. (requested by meowstic0+)\n|\n|t:|1776763815\n|teamsize|p1|3\n|teamsize|p2|3\n|start\n|switch|p1a: Clefable|Clefable, L50, M|100/100\n|switch|p2a: Rotom|Rotom-Wash, L50|100/100\n|turn|1\n|j| Makrae\n|\n|t:|1776763831\n|move|p2a: Rotom|Volt Switch|p1a: Clefable\n|-damage|p1a: Clefable|69/100\n|\n|t:|1776763834\n|switch|p2a: Excadrill|Excadrill, L50, F|100/100|[from] Volt Switch\n|move|p1a: Clefable|Cosmic Power|p1a: Clefable\n|-boost|p1a: Clefable|def|1\n|-boost|p1a: Clefable|spd|1\n|\n|upkeep\n|turn|2\n|\n|t:|1776763851\n|switch|p1a: Araquanid|Araquanid, L50, F|100/100\n|move|p2a: Excadrill|Iron Head|p1a: Araquanid\n|-resisted|p1a: Araquanid|1\n|-damage|p1a: Araquanid|76/100\n|\n|upkeep\n|turn|3\n|\n|t:|1776763857\n|switch|p2a: Rotom|Rotom-Wash, L50|100/100\n|move|p1a: Araquanid|Sticky Web|p2a: Rotom\n|-sidestart|p2: meowstic0+|move: Sticky Web\n|\n|upkeep\n|turn|4\n|\n|t:|1776763863\n|switch|p1a: Rotom|Rotom-Heat, L50|100/100\n|move|p2a: Rotom|Volt Switch|p1a: Rotom\n|-resisted|p1a: Rotom|1\n|-damage|p1a: Rotom|83/100\n|\n|t:|1776763866\n|switch|p2a: Tyranitar|Tyranitar, L50, F|100/100|[from] Volt Switch\n|-activate|p2a: Tyranitar|move: Sticky Web\n|-unboost|p2a: Tyranitar|spe|1\n|-weather|Sandstorm|[from] ability: Sand Stream|[of] p2a: Tyranitar\n|\n|-weather|Sandstorm|[upkeep]\n|-damage|p1a: Rotom|78/100|[from] Sandstorm\n|upkeep\n|turn|5\n|\n|t:|1776763876\n|move|p1a: Rotom|Will-O-Wisp|p2a: Tyranitar\n|-status|p2a: Tyranitar|brn\n|move|p2a: Tyranitar|Stealth Rock|p1a: Rotom\n|-sidestart|p1: Josep71|move: Stealth Rock\n|\n|-weather|Sandstorm|[upkeep]\n|-damage|p1a: Rotom|72/100|[from] Sandstorm\n|-damage|p2a: Tyranitar|95/100 brn|[from] brn\n|upkeep\n|turn|6\n|\n|t:|1776763896\n|move|p1a: Rotom|Volt Switch|p2a: Tyranitar\n|-damage|p2a: Tyranitar|81/100 brn\n|\n|t:|1776763905\n|switch|p1a: Clefable|Clefable, L50, M|69/100|[from] Volt Switch\n|move|p2a: Tyranitar|Knock Off|p1a: Clefable\n|-resisted|p1a: Clefable|1\n|-damage|p1a: Clefable|63/100\n|\n|-weather|Sandstorm|[upkeep]\n|-damage|p2a: Tyranitar|75/100 brn|[from] brn\n|upkeep\n|turn|7\n|inactive|Josep71 has 30 seconds left.\n|\n|t:|1776763931\n|switch|p2a: Excadrill|Excadrill, L50, F|100/100\n|-activate|p2a: Excadrill|move: Sticky Web\n|-unboost|p2a: Excadrill|spe|1\n|detailschange|p1a: Clefable|Clefable-Mega, L50, M\n|-mega|p1a: Clefable|Clefable|Clefablite\n|move|p1a: Clefable|Moonblast|p2a: Excadrill\n|-resisted|p2a: Excadrill|1\n|-damage|p2a: Excadrill|77/100\n|\n|-weather|Sandstorm|[upkeep]\n|-damage|p1a: Clefable|57/100|[from] Sandstorm\n|upkeep\n|turn|8\n|inactive|Josep71 has 30 seconds left.\n|inactive|Josep71 has 20 seconds left.\n|\n|t:|1776763968\n|move|p2a: Excadrill|Horn Drill|p1a: Clefable|[miss]\n|-miss|p2a: Excadrill|p1a: Clefable\n|move|p1a: Clefable|Moonlight|p1a: Clefable\n|-heal|p1a: Clefable|82/100\n|\n|-weather|none\n|upkeep\n|turn|9\n|\n|t:|1776763975\n|move|p1a: Clefable|Cosmic Power|p1a: Clefable\n|-boost|p1a: Clefable|def|1\n|-boost|p1a: Clefable|spd|1\n|move|p2a: Excadrill|Swords Dance|p2a: Excadrill\n|-boost|p2a: Excadrill|atk|2\n|\n|upkeep\n|turn|10\n|\n|t:|1776764000\n|switch|p1a: Araquanid|Araquanid, L50, F|76/100\n|-damage|p1a: Araquanid|51/100|[from] Stealth Rock\n|move|p2a: Excadrill|Iron Head|p1a: Araquanid\n|-resisted|p1a: Araquanid|1\n|-damage|p1a: Araquanid|0 fnt\n|faint|p1a: Araquanid\n|\n|upkeep\n|\n|t:|1776764009\n|switch|p1a: Rotom|Rotom-Heat, L50|72/100\n|-damage|p1a: Rotom|47/100|[from] Stealth Rock\n|-enditem|p1a: Rotom|Sitrus Berry|[eat]\n|-heal|p1a: Rotom|72/100|[from] item: Sitrus Berry\n|turn|11\n|\n|t:|1776764031\n|switch|p2a: Tyranitar|Tyranitar, L50, F|75/100 brn\n|-activate|p2a: Tyranitar|move: Sticky Web\n|-unboost|p2a: Tyranitar|spe|1\n|-weather|Sandstorm|[from] ability: Sand Stream|[of] p2a: Tyranitar\n|move|p1a: Rotom|Overheat|p2a: Tyranitar\n|-resisted|p2a: Tyranitar|1\n|-damage|p2a: Tyranitar|63/100 brn\n|-unboost|p1a: Rotom|spa|2\n|\n|-weather|Sandstorm|[upkeep]\n|-damage|p1a: Rotom|66/100|[from] Sandstorm\n|-damage|p2a: Tyranitar|58/100 brn|[from] brn\n|upkeep\n|turn|12\n|\n|t:|1776764052\n|move|p1a: Rotom|Will-O-Wisp|p2a: Tyranitar|[miss]\n|-miss|p1a: Rotom|p2a: Tyranitar\n|move|p2a: Tyranitar|Stone Edge|p1a: Rotom\n|-supereffective|p1a: Rotom|1\n|-damage|p1a: Rotom|29/100\n|\n|-weather|Sandstorm|[upkeep]\n|-damage|p1a: Rotom|23/100|[from] Sandstorm\n|-damage|p2a: Tyranitar|52/100 brn|[from] brn\n|upkeep\n|turn|13\n|\n|t:|1776764063\n|move|p1a: Rotom|Volt Switch|p2a: Tyranitar\n|-damage|p2a: Tyranitar|44/100 brn\n|\n|t:|1776764065\n|switch|p1a: Clefable|Clefable-Mega, L50, M|82/100|[from] Volt Switch\n|-damage|p1a: Clefable|57/100|[from] Stealth Rock\n|move|p2a: Tyranitar|Stone Edge|p1a: Clefable\n|-supereffective|p1a: Clefable|1\n|-damage|p1a: Clefable|21/100\n|\n|-weather|Sandstorm|[upkeep]\n|-damage|p1a: Clefable|15/100|[from] Sandstorm\n|-damage|p2a: Tyranitar|39/100 brn|[from] brn\n|upkeep\n|turn|14\n|\n|t:|1776764077\n|move|p1a: Clefable|Moonlight|p1a: Clefable\n|-heal|p1a: Clefable|40/100\n|move|p2a: Tyranitar|Stone Edge|p1a: Clefable\n|-supereffective|p1a: Clefable|1\n|-crit|p1a: Clefable\n|-damage|p1a: Clefable|0 fnt\n|faint|p1a: Clefable\n|\n|-weather|Sandstorm|[upkeep]\n|-damage|p2a: Tyranitar|33/100 brn|[from] brn\n|upkeep\n|-message|Josep71 forfeited.\n|\n|win|meowstic0+\n|raw|Josep71's rating: 1357 &rarr; <strong>1338</strong><br />(-19 for losing)\n|raw|meowstic0+'s rating: 1366 &rarr; <strong>1385</strong><br />(+19 for winning)\n|l|\u2606Josep71\n|player|p1|\n", "uploadtime": 1776764088, "views": 4, "formatid": "gen9championsbssregma", "rating": 1338, "private": 0, "password": null}