{"id": "gen9championsbssregma-2589713804", "format": "[Gen 9 Champions] BSS Reg M-A", "players": ["KevMev", "YAJEE"], "log": "|j|\u2606KevMev\n|j|\u2606YAJEE\n|t:|1776750766\n|gametype|singles\n|player|p1|KevMev|waiter-gen4|1311\n|player|p2|YAJEE|102|1321\n|gen|9\n|tier|[Gen 9 Champions] BSS Reg M-A\n|rated|\n|rule|Species Clause: Limit one of each Pok\u00e9mon\n|rule|Item Clause: Limit 1 of each item\n|clearpoke\n|poke|p1|Floette-Eternal, L50, F|\n|poke|p1|Archaludon, L50, M, shiny|\n|poke|p1|Gyarados, L50, M, shiny|\n|poke|p1|Mimikyu, L50, M|\n|poke|p1|Hydreigon, L50, F|\n|poke|p1|Sneasler, L50, M, shiny|\n|poke|p2|Delphox, L50, M|\n|poke|p2|Basculegion, L50, M|\n|poke|p2|Meowscarada, L50, F|\n|poke|p2|Archaludon, L50, F|\n|poke|p2|Hippowdon, L50, M|\n|poke|p2|Clefable, L50, M|\n|teampreview|3\n|\n|t:|1776750810\n|teamsize|p1|3\n|teamsize|p2|3\n|start\n|switch|p1a: Sneasler|Sneasler, L50, M, shiny|100/100\n|switch|p2a: Hippowdon|Hippowdon, L50, M|100/100\n|-weather|Sandstorm|[from] ability: Sand Stream|[of] p2a: Hippowdon\n|turn|1\n|\n|t:|1776750823\n|move|p1a: Sneasler|Fake Out|p2a: Hippowdon\n|-damage|p2a: Hippowdon|92/100\n|cant|p2a: Hippowdon|flinch\n|\n|-weather|Sandstorm|[upkeep]\n|-damage|p1a: Sneasler|95/100|[from] Sandstorm\n|upkeep\n|turn|2\n|\n|t:|1776750831\n|switch|p1a: Hydreigon|Hydreigon, L50, F|100/100\n|move|p2a: Hippowdon|Stealth Rock|p1a: Hydreigon\n|-sidestart|p1: KevMev|move: Stealth Rock\n|\n|-weather|Sandstorm|[upkeep]\n|-damage|p1a: Hydreigon|95/100|[from] Sandstorm\n|upkeep\n|turn|3\n|\n|t:|1776750845\n|move|p1a: Hydreigon|Uproar|p2a: Hippowdon\n|-damage|p2a: Hippowdon|58/100\n|-start|p1a: Hydreigon|Uproar\n|move|p2a: Hippowdon|Yawn|p1a: Hydreigon\n|-start|p1a: Hydreigon|move: Yawn|[of] p2a: Hippowdon\n|\n|-weather|Sandstorm|[upkeep]\n|-damage|p1a: Hydreigon|89/100|[from] Sandstorm\n|-start|p1a: Hydreigon|Uproar|[upkeep]\n|upkeep\n|turn|4\n|\n|t:|1776750854\n|switch|p2a: Archaludon|Archaludon, L50, F|100/100\n|move|p1a: Hydreigon|Uproar|p2a: Archaludon|[from] lockedmove\n|-resisted|p2a: Archaludon|1\n|-damage|p2a: Archaludon|86/100\n|-ability|p2a: Archaludon|Stamina|boost\n|-boost|p2a: Archaludon|def|1\n|\n|-weather|Sandstorm|[upkeep]\n|-damage|p1a: Hydreigon|83/100|[from] Sandstorm\n|-heal|p2a: Archaludon|92/100|[from] item: Leftovers\n|-end|p1a: Hydreigon|move: Yawn|[silent]\n|-fail|p1a: Hydreigon|slp|[from] Uproar|[msg]\n|-start|p1a: Hydreigon|Uproar|[upkeep]\n|upkeep\n|turn|5\n|\n|t:|1776750869\n|move|p1a: Hydreigon|Uproar|p2a: Archaludon|[from] lockedmove\n|-resisted|p2a: Archaludon|1\n|-damage|p2a: Archaludon|78/100\n|-ability|p2a: Archaludon|Stamina|boost\n|-boost|p2a: Archaludon|def|1\n|move|p2a: Archaludon|Substitute|p2a: Archaludon\n|-start|p2a: Archaludon|Substitute\n|-damage|p2a: Archaludon|53/100\n|\n|-weather|none\n|-heal|p2a: Archaludon|59/100|[from] item: Leftovers\n|-end|p1a: Hydreigon|Uproar\n|upkeep\n|turn|6\n|\n|t:|1776750886\n|move|p1a: Hydreigon|Uproar|p2a: Archaludon\n|-resisted|p2a: Archaludon|1\n|-damage|p2a: Archaludon|45/100\n|-start|p1a: Hydreigon|Uproar\n|-ability|p2a: Archaludon|Stamina|boost\n|-boost|p2a: Archaludon|def|1\n|move|p2a: Archaludon|Dragon Tail|p1a: Hydreigon\n|-supereffective|p1a: Hydreigon|1\n|-damage|p1a: Hydreigon|39/100\n|drag|p1a: Sneasler|Sneasler, L50, M, shiny|95/100\n|-damage|p1a: Sneasler|89/100|[from] Stealth Rock\n|\n|-heal|p2a: Archaludon|51/100|[from] item: Leftovers\n|upkeep\n|turn|7\n|\n|t:|1776750901\n|move|p1a: Sneasler|Close Combat|p2a: Archaludon\n|-supereffective|p2a: Archaludon|1\n|-end|p2a: Archaludon|Substitute\n|-unboost|p1a: Sneasler|def|1\n|-unboost|p1a: Sneasler|spd|1\n|move|p2a: Archaludon|Dragon Tail|p1a: Sneasler\n|-damage|p1a: Sneasler|36/100\n|drag|p1a: Hydreigon|Hydreigon, L50, F|39/100\n|-damage|p1a: Hydreigon|27/100|[from] Stealth Rock\n|\n|-heal|p2a: Archaludon|57/100|[from] item: Leftovers\n|upkeep\n|turn|8\n|\n|t:|1776750915\n|move|p1a: Hydreigon|Draco Meteor|p2a: Archaludon\n|-damage|p2a: Archaludon|0 fnt\n|-unboost|p1a: Hydreigon|spa|2\n|faint|p2a: Archaludon\n|\n|upkeep\n|\n|t:|1776750926\n|switch|p2a: Hippowdon|Hippowdon, L50, M|58/100\n|-weather|Sandstorm|[from] ability: Sand Stream|[of] p2a: Hippowdon\n|turn|9\n|\n|t:|1776750948\n|move|p1a: Hydreigon|Draco Meteor|p2a: Hippowdon\n|-damage|p2a: Hippowdon|21/100\n|-unboost|p1a: Hydreigon|spa|2\n|-enditem|p2a: Hippowdon|Sitrus Berry|[eat]\n|-heal|p2a: Hippowdon|46/100|[from] item: Sitrus Berry\n|move|p2a: Hippowdon|Whirlwind|p1a: Hydreigon\n|drag|p1a: Mimikyu|Mimikyu, L50, M|100/100\n|-damage|p1a: Mimikyu|88/100|[from] Stealth Rock\n|\n|-weather|Sandstorm|[upkeep]\n|-damage|p1a: Mimikyu|82/100|[from] Sandstorm\n|upkeep\n|turn|10\n|\n|t:|1776750961\n|move|p1a: Mimikyu|Swords Dance|p1a: Mimikyu\n|-boost|p1a: Mimikyu|atk|2\n|move|p2a: Hippowdon|Earthquake|p1a: Mimikyu\n|-activate|p1a: Mimikyu|ability: Disguise\n|-damage|p1a: Mimikyu|82/100\n|detailschange|p1a: Mimikyu|Mimikyu-Busted, L50, M\n|-damage|p1a: Mimikyu|70/100|[from] pokemon: Mimikyu-Busted\n|\n|-weather|Sandstorm|[upkeep]\n|-damage|p1a: Mimikyu|64/100|[from] Sandstorm\n|upkeep\n|turn|11\n|\n|t:|1776750979\n|move|p1a: Mimikyu|Shadow Claw|p2a: Hippowdon\n|-damage|p2a: Hippowdon|5/100\n|move|p2a: Hippowdon|Yawn|p1a: Mimikyu\n|-start|p1a: Mimikyu|move: Yawn|[of] p2a: Hippowdon\n|\n|-weather|Sandstorm|[upkeep]\n|-damage|p1a: Mimikyu|58/100|[from] Sandstorm\n|upkeep\n|turn|12\n|\n|t:|1776750993\n|move|p1a: Mimikyu|Shadow Sneak|p2a: Hippowdon\n|-damage|p2a: Hippowdon|0 fnt\n|faint|p2a: Hippowdon\n|\n|-weather|Sandstorm|[upkeep]\n|-damage|p1a: Mimikyu|52/100|[from] Sandstorm\n|-end|p1a: Mimikyu|move: Yawn|[silent]\n|-status|p1a: Mimikyu|slp\n|upkeep\n|\n|t:|1776751001\n|switch|p2a: Basculegion|Basculegion, L50, M|100/100\n|turn|13\n|\n|t:|1776751018\n|cant|p1a: Mimikyu|slp\n|move|p2a: Basculegion|Last Respects|p1a: Mimikyu\n|-supereffective|p1a: Mimikyu|1\n|-damage|p1a: Mimikyu|0 fnt\n|faint|p1a: Mimikyu\n|\n|-weather|none\n|upkeep\n|\n|t:|1776751024\n|switch|p1a: Hydreigon|Hydreigon, L50, F|27/100\n|-damage|p1a: Hydreigon|15/100|[from] Stealth Rock\n|turn|14\n|\n|t:|1776751030\n|move|p1a: Hydreigon|Dark Pulse|p2a: Basculegion\n|-supereffective|p2a: Basculegion|1\n|-damage|p2a: Basculegion|8/100\n|move|p2a: Basculegion|Last Respects|p1a: Hydreigon\n|-resisted|p1a: Hydreigon|1\n|-damage|p1a: Hydreigon|0 fnt\n|faint|p1a: Hydreigon\n|\n|upkeep\n|\n|t:|1776751032\n|switch|p1a: Sneasler|Sneasler, L50, M, shiny|36/100\n|-damage|p1a: Sneasler|30/100|[from] Stealth Rock\n|turn|15\n|-message|KevMev forfeited.\n|\n|win|YAJEE\n|raw|KevMev's rating: 1311 &rarr; <strong>1292</strong><br />(-19 for losing)\n|raw|YAJEE's rating: 1321 &rarr; <strong>1340</strong><br />(+19 for winning)\n|l|\u2606YAJEE\n|player|p2|\n", "uploadtime": 1776751053, "views": 3, "formatid": "gen9championsbssregma", "rating": 1292, "private": 0, "password": null}