{"id": "gen9championsbssregma-2591543903", "format": "[Gen 9 Champions] BSS Reg M-A", "players": ["gorilnx", "bda9"], "log": "|j|\u2606gorilnx\n|j|\u2606bda9\n|t:|1776909714\n|gametype|singles\n|player|p1|gorilnx|dawn-gen4pt|1247\n|player|p2|bda9|169|1171\n|gen|9\n|tier|[Gen 9 Champions] BSS Reg M-A\n|rated|\n|rule|Species Clause: Limit one of each Pok\u00e9mon\n|rule|Item Clause: Limit 1 of each item\n|clearpoke\n|poke|p1|Kangaskhan, L50, F|\n|poke|p1|Primarina, L50, F|\n|poke|p1|Corviknight, L50, F|\n|poke|p1|Garchomp, L50, M|\n|poke|p1|Gardevoir, L50, F|\n|poke|p1|Kingambit, L50, F|\n|poke|p2|Palafin, L50, F|\n|poke|p2|Scovillain, L50, M|\n|poke|p2|Volcarona, L50, M|\n|poke|p2|Kangaskhan, L50, F|\n|poke|p2|Basculegion, L50, M|\n|poke|p2|Blastoise, L50, M|\n|teampreview|3\n|inactive|Battle timer is ON: inactive players will automatically lose when time's up. (requested by gorilnx)\n|\n|t:|1776909744\n|teamsize|p1|3\n|teamsize|p2|3\n|start\n|switch|p1a: Gardevoir|Gardevoir, L50, F|100/100\n|switch|p2a: Volcarona|Volcarona, L50, M|100/100\n|-ability|p1a: Gardevoir|Flame Body|Trace|[from] ability: Trace|[of] p2a: Volcarona\n|turn|1\n|\n|t:|1776909758\n|detailschange|p1a: Gardevoir|Gardevoir-Mega, L50, F\n|-mega|p1a: Gardevoir|Gardevoir|Gardevoirite\n|move|p2a: Volcarona|Quiver Dance|p2a: Volcarona\n|-boost|p2a: Volcarona|spa|1\n|-boost|p2a: Volcarona|spd|1\n|-boost|p2a: Volcarona|spe|1\n|move|p1a: Gardevoir|Calm Mind|p1a: Gardevoir\n|-boost|p1a: Gardevoir|spa|1\n|-boost|p1a: Gardevoir|spd|1\n|\n|upkeep\n|turn|2\n|\n|t:|1776909771\n|move|p2a: Volcarona|Quiver Dance|p2a: Volcarona\n|-boost|p2a: Volcarona|spa|1\n|-boost|p2a: Volcarona|spd|1\n|-boost|p2a: Volcarona|spe|1\n|move|p1a: Gardevoir|Psyshock|p2a: Volcarona\n|-damage|p2a: Volcarona|0 fnt\n|faint|p2a: Volcarona\n|\n|upkeep\n|\n|t:|1776909780\n|switch|p2a: Scovillain|Scovillain, L50, M|100/100\n|turn|3\n|\n|t:|1776909787\n|move|p2a: Scovillain|Protect|p2a: Scovillain\n|-singleturn|p2a: Scovillain|Protect\n|move|p1a: Gardevoir|Psyshock|p2a: Scovillain\n|-activate|p2a: Scovillain|move: Protect\n|\n|-ability|p2a: Scovillain|Moody|boost\n|-boost|p2a: Scovillain|atk|2\n|-unboost|p2a: Scovillain|def|1\n|upkeep\n|turn|4\n|\n|t:|1776909793\n|move|p1a: Gardevoir|Psyshock|p2a: Scovillain\n|-damage|p2a: Scovillain|0 fnt\n|faint|p2a: Scovillain\n|\n|upkeep\n|\n|t:|1776909795\n|switch|p2a: Blastoise|Blastoise, L50, M|100/100\n|turn|5\n|\n|t:|1776909798\n|detailschange|p2a: Blastoise|Blastoise-Mega, L50, M\n|-mega|p2a: Blastoise|Blastoise|Blastoisinite\n|move|p1a: Gardevoir|Hyper Voice|p2a: Blastoise\n|-damage|p2a: Blastoise|11/100\n|move|p2a: Blastoise|Shell Smash|p2a: Blastoise\n|-unboost|p2a: Blastoise|def|1\n|-unboost|p2a: Blastoise|spd|1\n|-boost|p2a: Blastoise|atk|2\n|-boost|p2a: Blastoise|spa|2\n|-boost|p2a: Blastoise|spe|2\n|\n|upkeep\n|turn|6\n|\n|t:|1776909807\n|move|p1a: Gardevoir|Vacuum Wave|p2a: Blastoise\n|-damage|p2a: Blastoise|0 fnt\n|faint|p2a: Blastoise\n|\n|win|gorilnx\n|raw|gorilnx's rating: 1247 &rarr; <strong>1267</strong><br />(+20 for winning)\n|raw|bda9's rating: 1171 &rarr; <strong>1151</strong><br />(-20 for losing)\n|l|\u2606gorilnx\n|player|p1|\n|l|\u2606bda9\n|player|p2|\n|j|\u2606gorilnx\n|player|p1|gorilnx|dawn-gen4pt|\n", "uploadtime": 1776910100, "views": 2, "formatid": "gen9championsbssregma", "rating": 1151, "private": 0, "password": null}