{"id": "gen9championsbssregma-2589986867", "format": "[Gen 9 Champions] BSS Reg M-A", "players": ["orenge88", "gshs5"], "log": "|j|\u2606orenge88\n|j|\u2606gshs5\n|t:|1776779433\n|gametype|singles\n|player|p1|orenge88|2|1125\n|player|p2|gshs5|101|1184\n|gen|9\n|tier|[Gen 9 Champions] BSS Reg M-A\n|rated|\n|rule|Species Clause: Limit one of each Pok\u00e9mon\n|rule|Item Clause: Limit 1 of each item\n|clearpoke\n|poke|p1|Hydreigon, L50, F|\n|poke|p1|Scizor, L50, F|\n|poke|p1|Floette-Eternal, L50, F|\n|poke|p1|Mamoswine, L50, F|\n|poke|p1|Torkoal, L50, M|\n|poke|p1|Mimikyu, L50, F|\n|poke|p2|Venusaur, L50, M|\n|poke|p2|Hippowdon, L50, M|\n|poke|p2|Aegislash, L50, M|\n|poke|p2|Altaria, L50, F|\n|poke|p2|Rotom-Wash, L50|\n|poke|p2|Sylveon, L50, M|\n|teampreview|3\n|inactive|Battle timer is ON: inactive players will automatically lose when time's up. (requested by orenge88)\n|\n|t:|1776779461\n|teamsize|p1|3\n|teamsize|p2|3\n|start\n|switch|p1a: Torkoal|Torkoal, L50, M|100/100\n|switch|p2a: Venusaur|Venusaur, L50, M|100/100\n|-weather|SunnyDay|[from] ability: Drought|[of] p1a: Torkoal\n|turn|1\n|\n|t:|1776779470\n|detailschange|p2a: Venusaur|Venusaur-Mega, L50, M\n|-mega|p2a: Venusaur|Venusaur|Venusaurite\n|move|p2a: Venusaur|Leech Seed|p1a: Torkoal|[miss]\n|-miss|p2a: Venusaur|p1a: Torkoal\n|move|p1a: Torkoal|Stealth Rock|p2a: Venusaur\n|-sidestart|p2: gshs5|move: Stealth Rock\n|\n|-weather|SunnyDay|[upkeep]\n|upkeep\n|turn|2\n|\n|t:|1776779487\n|move|p2a: Venusaur|Leech Seed|p1a: Torkoal\n|-start|p1a: Torkoal|move: Leech Seed\n|move|p1a: Torkoal|Yawn|p2a: Venusaur\n|-start|p2a: Venusaur|move: Yawn|[of] p1a: Torkoal\n|\n|-weather|SunnyDay|[upkeep]\n|-damage|p1a: Torkoal|88/100|[from] Leech Seed|[of] p2a: Venusaur\n|upkeep\n|turn|3\n|\n|t:|1776779498\n|switch|p2a: Aegislash|Aegislash, L50, M|100/100\n|-damage|p2a: Aegislash|95/100|[from] Stealth Rock\n|switch|p1a: Floette|Floette-Eternal, L50, F|100/100\n|\n|-weather|SunnyDay|[upkeep]\n|upkeep\n|turn|4\n|\n|t:|1776779508\n|switch|p1a: Torkoal|Torkoal, L50, M|88/100\n|-formechange|p2a: Aegislash|Aegislash-Blade|\n|move|p2a: Aegislash|Head Smash|p1a: Torkoal\n|-supereffective|p1a: Torkoal|1\n|-damage|p1a: Torkoal|25/100\n|-damage|p2a: Aegislash|54/100|[from] Recoil\n|\n|-weather|SunnyDay|[upkeep]\n|upkeep\n|turn|5\n|\n|t:|1776779520\n|move|p2a: Aegislash|Shadow Ball|p1a: Torkoal\n|-damage|p1a: Torkoal|0 fnt\n|faint|p1a: Torkoal\n|\n|-weather|none\n|upkeep\n|\n|t:|1776779527\n|switch|p1a: Mimikyu|Mimikyu, L50, F|100/100\n|turn|6\n|\n|t:|1776779530\n|move|p2a: Aegislash|Shadow Sneak|p1a: Mimikyu\n|-activate|p1a: Mimikyu|ability: Disguise\n|-damage|p1a: Mimikyu|100/100\n|detailschange|p1a: Mimikyu|Mimikyu-Busted, L50, F\n|-damage|p1a: Mimikyu|88/100|[from] pokemon: Mimikyu-Busted\n|move|p1a: Mimikyu|Swords Dance|p1a: Mimikyu\n|-boost|p1a: Mimikyu|atk|2\n|\n|upkeep\n|turn|7\n|\n|t:|1776779539\n|move|p1a: Mimikyu|Shadow Sneak|p2a: Aegislash\n|-supereffective|p2a: Aegislash|1\n|-damage|p2a: Aegislash|0 fnt\n|faint|p2a: Aegislash\n|\n|upkeep\n|\n|t:|1776779544\n|switch|p2a: Rotom|Rotom-Wash, L50|100/100\n|-damage|p2a: Rotom|88/100|[from] Stealth Rock\n|turn|8\n|\n|t:|1776779550\n|move|p1a: Mimikyu|Shadow Claw|p2a: Rotom\n|-damage|p2a: Rotom|27/100\n|-enditem|p2a: Rotom|Sitrus Berry|[eat]\n|-heal|p2a: Rotom|51/100|[from] item: Sitrus Berry\n|move|p2a: Rotom|Will-O-Wisp|p1a: Mimikyu\n|-status|p1a: Mimikyu|brn\n|\n|-damage|p1a: Mimikyu|82/100 brn|[from] brn\n|upkeep\n|turn|9\n|\n|t:|1776779564\n|move|p1a: Mimikyu|Swords Dance|p1a: Mimikyu\n|-boost|p1a: Mimikyu|atk|2\n|move|p2a: Rotom|Hydro Pump|p1a: Mimikyu\n|-damage|p1a: Mimikyu|29/100 brn\n|\n|-damage|p1a: Mimikyu|23/100 brn|[from] brn\n|upkeep\n|turn|10\n|\n|t:|1776779574\n|move|p1a: Mimikyu|Swords Dance|p1a: Mimikyu\n|-boost|p1a: Mimikyu|atk|2\n|move|p2a: Rotom|Hydro Pump|p1a: Mimikyu\n|-damage|p1a: Mimikyu|0 fnt\n|faint|p1a: Mimikyu\n|\n|upkeep\n|\n|t:|1776779581\n|switch|p1a: Floette|Floette-Eternal, L50, F|100/100\n|turn|11\n|\n|t:|1776779586\n|detailschange|p1a: Floette|Floette-Mega, L50, F\n|-mega|p1a: Floette|Floette|Floettite\n|-ability|p1a: Floette|Fairy Aura\n|move|p1a: Floette|Calm Mind|p1a: Floette\n|-boost|p1a: Floette|spa|1\n|-boost|p1a: Floette|spd|1\n|move|p2a: Rotom|Thunder Wave|p1a: Floette\n|-status|p1a: Floette|par\n|\n|upkeep\n|turn|12\n|\n|t:|1776779597\n|move|p2a: Rotom|Volt Switch|p1a: Floette\n|-damage|p1a: Floette|84/100 par\n|\n|t:|1776779599\n|switch|p2a: Venusaur|Venusaur-Mega, L50, M|100/100|[from] Volt Switch\n|-damage|p2a: Venusaur|88/100|[from] Stealth Rock\n|move|p1a: Floette|Calm Mind|p1a: Floette\n|-boost|p1a: Floette|spa|1\n|-boost|p1a: Floette|spd|1\n|\n|upkeep\n|turn|13\n|\n|t:|1776779611\n|move|p2a: Venusaur|Sludge Wave|p1a: Floette\n|-supereffective|p1a: Floette|1\n|-damage|p1a: Floette|51/100 par\n|move|p1a: Floette|Light of Ruin|p2a: Venusaur\n|-resisted|p2a: Venusaur|1\n|-damage|p2a: Venusaur|4/100\n|-damage|p1a: Floette|0 fnt|[from] Recoil\n|faint|p1a: Floette\n|\n|win|gshs5\n|raw|orenge88's rating: 1125 &rarr; <strong>1104</strong><br />(-21 for losing)\n|raw|gshs5's rating: 1184 &rarr; <strong>1205</strong><br />(+21 for winning)\n", "uploadtime": 1776779616, "views": 1, "formatid": "gen9championsbssregma", "rating": 1104, "private": 0, "password": null}