{"id": "gen9championsbssregma-2594394255", "format": "[Gen 9 Champions] BSS Reg M-A", "players": ["zsx123456", "korosuke"], "log": "|j|\u2606zsx123456\n|j|\u2606korosuke\n|t:|1777190980\n|gametype|singles\n|player|p1|zsx123456|170|1307\n|player|p2|korosuke|erika|1407\n|gen|9\n|tier|[Gen 9 Champions] BSS Reg M-A\n|rated|\n|rule|Species Clause: Limit one of each Pok\u00e9mon\n|rule|Item Clause: Limit 1 of each item\n|clearpoke\n|poke|p1|Lucario, L50, M|\n|poke|p1|Garchomp, L50, F|\n|poke|p1|Corviknight, L50, M|\n|poke|p1|Basculegion, L50, M|\n|poke|p1|Meowscarada, L50, F|\n|poke|p1|Clefable, L50, M|\n|poke|p2|Samurott-Hisui, L50, F|\n|poke|p2|Garchomp, L50, F|\n|poke|p2|Dragonite, L50, F|\n|poke|p2|Scizor, L50, M|\n|poke|p2|Archaludon, L50, F|\n|poke|p2|Espathra, L50, F|\n|teampreview|3\n|inactive|Battle timer is ON: inactive players will automatically lose when time's up. (requested by korosuke)\n|inactive|korosuke has 60 seconds left.\n|j| driflount drifloon\n|\n|t:|1777191022\n|teamsize|p1|3\n|teamsize|p2|3\n|start\n|switch|p1a: Meowscarada|Meowscarada, L50, F|100/100\n|switch|p2a: Samurott|Samurott-Hisui, L50, F|100/100\n|turn|1\n|\n|t:|1777191029\n|move|p1a: Meowscarada|Flower Trick|p2a: Samurott\n|-start|p1a: Meowscarada|typechange|Grass|[from] ability: Protean\n|-supereffective|p2a: Samurott|1\n|-crit|p2a: Samurott\n|-enditem|p2a: Samurott|Focus Sash\n|-damage|p2a: Samurott|1/100\n|move|p2a: Samurott|Ceaseless Edge|p1a: Meowscarada\n|-damage|p1a: Meowscarada|16/100\n|-sidestart|p1: zsx123456|Spikes\n|\n|upkeep\n|turn|2\n|\n|t:|1777191041\n|switch|p1a: Lucario|Lucario, L50, M|100/100\n|-damage|p1a: Lucario|87/100|[from] Spikes\n|move|p2a: Samurott|Aqua Jet|p1a: Lucario\n|-damage|p1a: Lucario|56/100\n|\n|upkeep\n|turn|3\n|\n|t:|1777191060\n|detailschange|p1a: Lucario|Lucario-Mega, L50, M\n|-mega|p1a: Lucario|Lucario|Lucarionite\n|move|p1a: Lucario|Meteor Mash|p2a: Samurott\n|-resisted|p2a: Samurott|1\n|-damage|p2a: Samurott|0 fnt\n|faint|p2a: Samurott\n|\n|upkeep\n|\n|t:|1777191063\n|switch|p2a: Espathra|Espathra, L50, F|100/100\n|turn|4\n|\n|t:|1777191077\n|move|p1a: Lucario|Meteor Mash|p2a: Espathra\n|-damage|p2a: Espathra|11/100\n|move|p2a: Espathra|Lumina Crash|p1a: Lucario\n|-damage|p1a: Lucario|0 fnt\n|faint|p1a: Lucario\n|\n|-ability|p2a: Espathra|Speed Boost|boost\n|-boost|p2a: Espathra|spe|1\n|upkeep\n|\n|t:|1777191090\n|switch|p1a: Garchomp|Garchomp, L50, F|100/100\n|-damage|p1a: Garchomp|87/100|[from] Spikes\n|turn|5\n|\n|t:|1777191098\n|move|p2a: Espathra|Feather Dance|p1a: Garchomp\n|-unboost|p1a: Garchomp|atk|2\n|move|p1a: Garchomp|Scale Shot|p2a: Espathra\n|-damage|p2a: Espathra|2/100\n|-damage|p2a: Espathra|0 fnt\n|faint|p2a: Espathra\n|-hitcount|p2: Espathra|2\n|-unboost|p1a: Garchomp|def|1\n|-boost|p1a: Garchomp|spe|1\n|\n|upkeep\n|\n|t:|1777191102\n|switch|p2a: Dragonite|Dragonite, L50, F|100/100\n|turn|6\n|\n|t:|1777191112\n|detailschange|p2a: Dragonite|Dragonite-Mega, L50, F\n|-mega|p2a: Dragonite|Dragonite|Dragoninite\n|move|p1a: Garchomp|Scale Shot|p2a: Dragonite\n|-supereffective|p2a: Dragonite|1\n|-damage|p2a: Dragonite|93/100\n|-supereffective|p2a: Dragonite|1\n|-damage|p2a: Dragonite|80/100\n|-supereffective|p2a: Dragonite|1\n|-damage|p2a: Dragonite|70/100\n|-hitcount|p2a: Dragonite|3\n|-unboost|p1a: Garchomp|def|1\n|-boost|p1a: Garchomp|spe|1\n|move|p2a: Dragonite|Dragon Pulse|p1a: Garchomp\n|-supereffective|p1a: Garchomp|1\n|-damage|p1a: Garchomp|0 fnt\n|faint|p1a: Garchomp\n|\n|upkeep\n|\n|t:|1777191130\n|switch|p1a: Meowscarada|Meowscarada, L50, F|16/100\n|-damage|p1a: Meowscarada|4/100|[from] Spikes\n|turn|7\n|\n|t:|1777191134\n|move|p1a: Meowscarada|Triple Axel|p2a: Dragonite\n|-start|p1a: Meowscarada|typechange|Ice|[from] ability: Protean\n|-supereffective|p2a: Dragonite|2\n|-damage|p2a: Dragonite|37/100\n|-hitcount|p2a: Dragonite|1\n|move|p2a: Dragonite|Dragon Pulse|p1a: Meowscarada\n|-damage|p1a: Meowscarada|0 fnt\n|faint|p1a: Meowscarada\n|\n|win|korosuke\n|raw|zsx123456's rating: 1307 &rarr; <strong>1293</strong><br />(-14 for losing)\n|raw|korosuke's rating: 1407 &rarr; <strong>1421</strong><br />(+14 for winning)\n|l|\u2606korosuke\n|player|p2|\n|c| driflount drifloon|LOL\n|l|\u2606zsx123456\n|player|p1|\n", "uploadtime": 1777191168, "views": 6, "formatid": "gen9championsbssregma", "rating": 1293, "private": 0, "password": null}