{"id": "gen9championsbssregma-2590172219", "format": "[Gen 9 Champions] BSS Reg M-A", "players": ["dmac99", "gshs5"], "log": "|j|\u2606dmac99\n|j|\u2606gshs5\n|t:|1776791487\n|gametype|singles\n|player|p1|dmac99|veteran|1261\n|player|p2|gshs5|101|1272\n|gen|9\n|tier|[Gen 9 Champions] BSS Reg M-A\n|rated|\n|rule|Species Clause: Limit one of each Pok\u00e9mon\n|rule|Item Clause: Limit 1 of each item\n|clearpoke\n|poke|p1|Garchomp, L50, F|\n|poke|p1|Volcarona, L50, M|\n|poke|p1|Kangaskhan, L50, F|\n|poke|p1|Clefable, L50, M|\n|poke|p1|Samurott-Hisui, L50, M|\n|poke|p1|Scizor, L50, F|\n|poke|p2|Scovillain, L50, F|\n|poke|p2|Venusaur, L50, F|\n|poke|p2|Altaria, L50, M|\n|poke|p2|Rotom-Wash, L50|\n|poke|p2|Hippowdon, L50, F|\n|poke|p2|Aegislash, L50, M|\n|teampreview|3\n|inactive|Battle timer is ON: inactive players will automatically lose when time's up. (requested by dmac99)\n|\n|t:|1776791516\n|teamsize|p1|3\n|teamsize|p2|3\n|start\n|switch|p1a: Clefable|Clefable, L50, M|100/100\n|switch|p2a: Venusaur|Venusaur, L50, F|100/100\n|turn|1\n|\n|t:|1776791521\n|switch|p1a: Scizor|Scizor, L50, F|100/100\n|detailschange|p2a: Venusaur|Venusaur-Mega, L50, F\n|-mega|p2a: Venusaur|Venusaur|Venusaurite\n|move|p2a: Venusaur|Sludge Wave|p1a: Scizor\n|-immune|p1a: Scizor\n|\n|upkeep\n|turn|2\n|\n|t:|1776791524\n|detailschange|p1a: Scizor|Scizor-Mega, L50, F\n|-mega|p1a: Scizor|Scizor|Scizorite\n|move|p2a: Venusaur|Leech Seed|p1a: Scizor\n|-start|p1a: Scizor|move: Leech Seed\n|move|p1a: Scizor|Swords Dance|p1a: Scizor\n|-boost|p1a: Scizor|atk|2\n|\n|-damage|p1a: Scizor|88/100|[from] Leech Seed|[of] p2a: Venusaur\n|upkeep\n|turn|3\n|\n|t:|1776791533\n|switch|p2a: Rotom|Rotom-Wash, L50|100/100\n|move|p1a: Scizor|Knock Off|p2a: Rotom\n|-damage|p2a: Rotom|50/100\n|-enditem|p2a: Rotom|Sitrus Berry|[from] move: Knock Off|[of] p1a: Scizor\n|\n|-damage|p1a: Scizor|75/100|[from] Leech Seed|[of] p2a: Rotom\n|-heal|p2a: Rotom|64/100|[silent]\n|upkeep\n|turn|4\n|\n|t:|1776791538\n|switch|p1a: Clefable|Clefable, L50, M|100/100\n|move|p2a: Rotom|Will-O-Wisp|p1a: Clefable\n|-status|p1a: Clefable|brn\n|\n|-damage|p1a: Clefable|95/100 brn|[from] brn\n|upkeep\n|turn|5\n|\n|t:|1776791545\n|move|p2a: Rotom|Volt Switch|p1a: Clefable\n|-damage|p1a: Clefable|70/100 brn\n|\n|t:|1776791548\n|switch|p2a: Venusaur|Venusaur-Mega, L50, F|100/100|[from] Volt Switch\n|move|p1a: Clefable|Moonblast|p2a: Venusaur\n|-resisted|p2a: Venusaur|1\n|-damage|p2a: Venusaur|89/100\n|\n|-heal|p1a: Clefable|76/100 brn|[from] item: Leftovers\n|-damage|p1a: Clefable|70/100 brn|[from] brn\n|upkeep\n|turn|6\n|\n|t:|1776791551\n|switch|p1a: Scizor|Scizor-Mega, L50, F|75/100\n|move|p2a: Venusaur|Leech Seed|p1a: Scizor\n|-start|p1a: Scizor|move: Leech Seed\n|\n|-damage|p1a: Scizor|63/100|[from] Leech Seed|[of] p2a: Venusaur\n|-heal|p2a: Venusaur|100/100|[silent]\n|upkeep\n|turn|7\n|\n|t:|1776791557\n|move|p2a: Venusaur|Earth Power|p1a: Scizor\n|-damage|p1a: Scizor|41/100\n|-unboost|p1a: Scizor|spd|1\n|move|p1a: Scizor|Roost|p1a: Scizor\n|-heal|p1a: Scizor|91/100\n|-singleturn|p1a: Scizor|move: Roost\n|\n|-damage|p1a: Scizor|79/100|[from] Leech Seed|[of] p2a: Venusaur\n|upkeep\n|turn|8\n|j| hggjdjb\n|\n|t:|1776791563\n|switch|p1a: Clefable|Clefable, L50, M|70/100 brn\n|move|p2a: Venusaur|Earth Power|p1a: Clefable\n|-damage|p1a: Clefable|48/100 brn\n|\n|-heal|p1a: Clefable|53/100 brn|[from] item: Leftovers\n|-damage|p1a: Clefable|48/100 brn|[from] brn\n|upkeep\n|turn|9\n|\n|t:|1776791566\n|switch|p1a: Scizor|Scizor-Mega, L50, F|79/100\n|move|p2a: Venusaur|Leech Seed|p1a: Scizor\n|-start|p1a: Scizor|move: Leech Seed\n|\n|-damage|p1a: Scizor|66/100|[from] Leech Seed|[of] p2a: Venusaur\n|upkeep\n|turn|10\n|\n|t:|1776791570\n|switch|p2a: Rotom|Rotom-Wash, L50|64/100\n|move|p1a: Scizor|Roost|p1a: Scizor\n|-heal|p1a: Scizor|100/100\n|-singleturn|p1a: Scizor|move: Roost\n|\n|-damage|p1a: Scizor|88/100|[from] Leech Seed|[of] p2a: Rotom\n|-heal|p2a: Rotom|78/100|[silent]\n|upkeep\n|turn|11\n|\n|t:|1776791576\n|switch|p1a: Clefable|Clefable, L50, M|48/100 brn\n|move|p2a: Rotom|Hydro Pump|p1a: Clefable\n|-damage|p1a: Clefable|7/100 brn\n|\n|-heal|p1a: Clefable|13/100 brn|[from] item: Leftovers\n|-damage|p1a: Clefable|7/100 brn|[from] brn\n|upkeep\n|turn|12\n|\n|t:|1776791579\n|move|p2a: Rotom|Volt Switch|p1a: Clefable\n|-damage|p1a: Clefable|0 fnt\n|faint|p1a: Clefable\n|\n|t:|1776791582\n|switch|p2a: Scovillain|Scovillain, L50, F|100/100|[from] Volt Switch\n|\n|-ability|p2a: Scovillain|Moody|boost\n|-boost|p2a: Scovillain|def|2\n|-unboost|p2a: Scovillain|spa|1\n|upkeep\n|\n|t:|1776791591\n|switch|p1a: Samurott|Samurott-Hisui, L50, M|100/100\n|turn|13\n|\n|t:|1776791597\n|move|p2a: Scovillain|Protect|p2a: Scovillain\n|-singleturn|p2a: Scovillain|Protect\n|move|p1a: Samurott|Ceaseless Edge|p2a: Scovillain\n|-activate|p2a: Scovillain|move: Protect\n|\n|-ability|p2a: Scovillain|Moody|boost\n|-boost|p2a: Scovillain|spa|2\n|-unboost|p2a: Scovillain|def|1\n|upkeep\n|turn|14\n|\n|t:|1776791603\n|move|p1a: Samurott|Ceaseless Edge|p2a: Scovillain\n|-damage|p2a: Scovillain|53/100\n|-sidestart|p2: gshs5|Spikes\n|move|p2a: Scovillain|Giga Drain|p1a: Samurott\n|-supereffective|p1a: Samurott|1\n|-damage|p1a: Samurott|0 fnt\n|-heal|p2a: Scovillain|100/100|[from] drain|[of] p1a: Samurott\n|faint|p1a: Samurott\n|\n|-ability|p2a: Scovillain|Moody|boost\n|-boost|p2a: Scovillain|spa|2\n|-unboost|p2a: Scovillain|atk|1\n|upkeep\n|\n|t:|1776791608\n|switch|p1a: Scizor|Scizor-Mega, L50, F|88/100\n|turn|15\n|\n|t:|1776791614\n|move|p2a: Scovillain|Flamethrower|p1a: Scizor\n|-supereffective|p1a: Scizor|2\n|-damage|p1a: Scizor|0 fnt\n|faint|p1a: Scizor\n|\n|win|gshs5\n|raw|dmac99's rating: 1261 &rarr; <strong>1237</strong><br />(-24 for losing)\n|raw|gshs5's rating: 1272 &rarr; <strong>1296</strong><br />(+24 for winning)\n|l|\u2606dmac99\n|player|p1|\n", "uploadtime": 1776791618, "views": 4, "formatid": "gen9championsbssregma", "rating": 1237, "private": 0, "password": null}