{"id": "gen9championsbssregma-2590876671", "format": "[Gen 9 Champions] BSS Reg M-A", "players": ["BBBkty", "yzlf\u661f\u6d1b"], "log": "|j|\u2606BBBkty\n|j|\u2606yzlf\u661f\u6d1b\n|t:|1776857481\n|gametype|singles\n|player|p1|BBBkty|266|1139\n|player|p2|yzlf\u661f\u6d1b|266|1077\n|gen|9\n|tier|[Gen 9 Champions] BSS Reg M-A\n|rated|\n|rule|Species Clause: Limit one of each Pok\u00e9mon\n|rule|Item Clause: Limit 1 of each item\n|clearpoke\n|poke|p1|Clefable, L50, F, shiny|\n|poke|p1|Charizard, L50, M, shiny|\n|poke|p1|Scizor, L50, M|\n|poke|p1|Espathra, L50, M, shiny|\n|poke|p1|Glimmora, L50, F, shiny|\n|poke|p1|Florges, L50, F|\n|poke|p2|Gengar, L50, M|\n|poke|p2|Ceruledge, L50, M|\n|poke|p2|Alakazam, L50, M|\n|poke|p2|Sneasler, L50, M|\n|poke|p2|Azumarill, L50, F|\n|poke|p2|Dragonite, L50, M|\n|teampreview|3\n|inactive|Battle timer is ON: inactive players will automatically lose when time's up. (requested by yzlf\u661f\u6d1b)\n|\n|t:|1776857495\n|teamsize|p1|3\n|teamsize|p2|3\n|start\n|switch|p1a: Glimmora|Glimmora, L50, F, shiny|100/100\n|switch|p2a: Azumarill|Azumarill, L50, F|100/100\n|turn|1\n|\n|t:|1776857506\n|move|p1a: Glimmora|Stealth Rock|p2a: Azumarill\n|-sidestart|p2: yzlf\u661f\u6d1b|move: Stealth Rock\n|move|p2a: Azumarill|Liquidation|p1a: Glimmora\n|-supereffective|p1a: Glimmora|1\n|-enditem|p1a: Glimmora|Focus Sash\n|-damage|p1a: Glimmora|1/100\n|-activate|p1a: Glimmora|ability: Toxic Debris\n|-sidestart|p2: yzlf\u661f\u6d1b|move: Toxic Spikes\n|\n|upkeep\n|turn|2\n|\n|t:|1776857512\n|move|p2a: Azumarill|Aqua Jet|p1a: Glimmora\n|-supereffective|p1a: Glimmora|1\n|-damage|p1a: Glimmora|0 fnt\n|-activate|p1a: Glimmora|ability: Toxic Debris\n|-sidestart|p2: yzlf\u661f\u6d1b|move: Toxic Spikes\n|faint|p1a: Glimmora\n|\n|upkeep\n|\n|t:|1776857516\n|switch|p1a: Espathra|Espathra, L50, M, shiny|100/100\n|turn|3\n|\n|t:|1776857519\n|move|p1a: Espathra|Protect|p1a: Espathra\n|-singleturn|p1a: Espathra|Protect\n|move|p2a: Azumarill|Liquidation|p1a: Espathra\n|-activate|p1a: Espathra|move: Protect\n|\n|-ability|p1a: Espathra|Speed Boost|boost\n|-boost|p1a: Espathra|spe|1\n|upkeep\n|turn|4\n|\n|t:|1776857528\n|move|p1a: Espathra|Calm Mind|p1a: Espathra\n|-boost|p1a: Espathra|spa|1\n|-boost|p1a: Espathra|spd|1\n|move|p2a: Azumarill|Liquidation|p1a: Espathra\n|-damage|p1a: Espathra|46/100\n|-enditem|p1a: Espathra|Sitrus Berry|[eat]\n|-heal|p1a: Espathra|70/100|[from] item: Sitrus Berry\n|\n|-ability|p1a: Espathra|Speed Boost|boost\n|-boost|p1a: Espathra|spe|1\n|upkeep\n|turn|5\n|\n|t:|1776857543\n|move|p1a: Espathra|Protect|p1a: Espathra\n|-singleturn|p1a: Espathra|Protect\n|move|p2a: Azumarill|Liquidation|p1a: Espathra\n|-activate|p1a: Espathra|move: Protect\n|\n|-ability|p1a: Espathra|Speed Boost|boost\n|-boost|p1a: Espathra|spe|1\n|upkeep\n|turn|6\n|\n|t:|1776857549\n|move|p1a: Espathra|Baton Pass|p1a: Espathra\n|\n|t:|1776857551\n|switch|p1a: Clefable|Clefable, L50, F, shiny|100/100|[from] Baton Pass\n|move|p2a: Azumarill|Liquidation|p1a: Clefable\n|-damage|p1a: Clefable|48/100\n|\n|upkeep\n|turn|7\n|\n|t:|1776857556\n|detailschange|p1a: Clefable|Clefable-Mega, L50, F, shiny\n|-mega|p1a: Clefable|Clefable|Clefablite\n|move|p1a: Clefable|Moonlight|p1a: Clefable\n|-heal|p1a: Clefable|98/100\n|move|p2a: Azumarill|Liquidation|p1a: Clefable\n|-damage|p1a: Clefable|56/100\n|\n|upkeep\n|turn|8\n|\n|t:|1776857566\n|move|p1a: Clefable|Calm Mind|p1a: Clefable\n|-boost|p1a: Clefable|spa|1\n|-boost|p1a: Clefable|spd|1\n|move|p2a: Azumarill|Liquidation|p1a: Clefable\n|-crit|p1a: Clefable\n|-damage|p1a: Clefable|0 fnt\n|faint|p1a: Clefable\n|\n|upkeep\n|\n|t:|1776857573\n|switch|p1a: Espathra|Espathra, L50, M, shiny|70/100\n|turn|9\n|\n|t:|1776857579\n|move|p1a: Espathra|Protect|p1a: Espathra\n|-singleturn|p1a: Espathra|Protect\n|move|p2a: Azumarill|Liquidation|p1a: Espathra\n|-activate|p1a: Espathra|move: Protect\n|\n|-ability|p1a: Espathra|Speed Boost|boost\n|-boost|p1a: Espathra|spe|1\n|upkeep\n|turn|10\n|\n|t:|1776857586\n|move|p1a: Espathra|Calm Mind|p1a: Espathra\n|-boost|p1a: Espathra|spa|1\n|-boost|p1a: Espathra|spd|1\n|move|p2a: Azumarill|Liquidation|p1a: Espathra\n|-crit|p1a: Espathra\n|-damage|p1a: Espathra|0 fnt\n|faint|p1a: Espathra\n|\n|win|yzlf\u661f\u6d1b\n|raw|BBBkty's rating: 1139 &rarr; <strong>1110</strong><br />(-29 for losing)\n|raw|yzlf\u661f\u6d1b's rating: 1077 &rarr; <strong>1110</strong><br />(+33 for winning)\n|l|\u2606yzlf\u661f\u6d1b\n|player|p2|\n", "uploadtime": 1776857597, "views": 2, "formatid": "gen9championsbssregma", "rating": 1110, "private": 0, "password": null}