{"id": "gen9championsbssregma-2593511852", "format": "[Gen 9 Champions] BSS Reg M-A", "players": ["curecrescendo", "kerom.pk"], "log": "|j|\u2606curecrescendo\n|j|\u203dkerom.pk\n|t:|1777090602\n|gametype|singles\n|player|p1|curecrescendo|101|1362\n|player|p2|kerom.pk|2|1503\n|gen|9\n|tier|[Gen 9 Champions] BSS Reg M-A\n|rated|\n|rule|Species Clause: Limit one of each Pok\u00e9mon\n|rule|Item Clause: Limit 1 of each item\n|clearpoke\n|poke|p1|Pelipper, L50, M|\n|poke|p1|Basculegion, L50, M|\n|poke|p1|Archaludon, L50, F|\n|poke|p1|Meganium, L50, F|\n|poke|p1|Garchomp, L50, M|\n|poke|p1|Scizor, L50, M|\n|poke|p2|Floette-Eternal, L50, F|\n|poke|p2|Hippowdon, L50, F|\n|poke|p2|Slowking-Galar, L50, F|\n|poke|p2|Skarmory, L50, F|\n|poke|p2|Basculegion, L50, M|\n|poke|p2|Greninja, L50, M|\n|teampreview|3\n|inactive|Battle timer is ON: inactive players will automatically lose when time's up. (requested by kerom.pk)\n|inactive|curecrescendo has 60 seconds left.\n|\n|t:|1777090646\n|teamsize|p1|3\n|teamsize|p2|3\n|start\n|switch|p1a: Basculegion|Basculegion, L50, M|100/100\n|switch|p2a: Basculegion|Basculegion, L50, M|100/100\n|turn|1\n|j| doremy\n|\n|t:|1777090657\n|switch|p2a: Skarmory|Skarmory, L50, F|100/100\n|move|p1a: Basculegion|Flip Turn|p2a: Skarmory\n|-damage|p2a: Skarmory|77/100\n|\n|t:|1777090662\n|switch|p1a: Pelipper|Pelipper, L50, M|100/100|[from] Flip Turn\n|-weather|RainDance|[from] ability: Drizzle|[of] p1a: Pelipper\n|\n|-weather|RainDance|[upkeep]\n|upkeep\n|turn|2\n|\n|t:|1777090667\n|switch|p2a: Slowking|Slowking-Galar, L50, F|100/100\n|move|p1a: Pelipper|Surf|p2a: Slowking\n|-damage|p2a: Slowking|64/100\n|\n|-weather|RainDance|[upkeep]\n|-heal|p2a: Slowking|70/100|[from] item: Leftovers\n|upkeep\n|turn|3\n|\n|t:|1777090675\n|move|p1a: Pelipper|U-turn|p2a: Slowking\n|-damage|p2a: Slowking|61/100\n|\n|t:|1777090678\n|switch|p1a: Archaludon|Archaludon, L50, F|100/100|[from] U-turn\n|-prepare|p2a: Slowking|Chilly Reception|[premajor]\n|move|p2a: Slowking|Chilly Reception|p2a: Slowking\n|-weather|Snowscape\n|\n|t:|1777090681\n|switch|p2a: Basculegion|Basculegion, L50, M|100/100|[from] Chilly Reception\n|\n|-weather|Snowscape|[upkeep]\n|upkeep\n|turn|4\n|\n|t:|1777090694\n|move|p2a: Basculegion|Flip Turn|p1a: Archaludon\n|-resisted|p1a: Archaludon|1\n|-damage|p1a: Archaludon|84/100\n|\n|t:|1777090699\n|switch|p2a: Slowking|Slowking-Galar, L50, F|95/100|[from] Flip Turn\n|move|p1a: Archaludon|Draco Meteor|p2a: Slowking\n|-damage|p2a: Slowking|46/100\n|-unboost|p1a: Archaludon|spa|2\n|-enditem|p1a: Archaludon|White Herb\n|-clearnegativeboost|p1a: Archaludon|[silent]\n|\n|-weather|Snowscape|[upkeep]\n|-heal|p2a: Slowking|52/100|[from] item: Leftovers\n|upkeep\n|turn|5\n|inactive|curecrescendo has 30 seconds left.\n|inactive|curecrescendo has 20 seconds left.\n|inactive|curecrescendo has 15 seconds left.\n|\n|t:|1777090739\n|move|p1a: Archaludon|Flash Cannon|p2a: Slowking\n|-damage|p2a: Slowking|23/100\n|move|p2a: Slowking|Slack Off|p2a: Slowking\n|-heal|p2a: Slowking|74/100\n|\n|-weather|Snowscape|[upkeep]\n|-heal|p2a: Slowking|80/100|[from] item: Leftovers\n|upkeep\n|turn|6\n|\n|t:|1777090747\n|move|p1a: Archaludon|Flash Cannon|p2a: Slowking\n|-damage|p2a: Slowking|54/100\n|-prepare|p2a: Slowking|Chilly Reception|[premajor]\n|move|p2a: Slowking|Chilly Reception|p2a: Slowking\n|\n|t:|1777090751\n|switch|p2a: Basculegion|Basculegion, L50, M|100/100|[from] Chilly Reception\n|\n|-weather|Snowscape|[upkeep]\n|upkeep\n|turn|7\n|inactive|curecrescendo has 30 seconds left.\n|\n|t:|1777090782\n|move|p2a: Basculegion|Flip Turn|p1a: Archaludon\n|-resisted|p1a: Archaludon|1\n|-damage|p1a: Archaludon|68/100\n|\n|t:|1777090786\n|switch|p2a: Slowking|Slowking-Galar, L50, F|87/100|[from] Flip Turn\n|move|p1a: Archaludon|Draco Meteor|p2a: Slowking\n|-damage|p2a: Slowking|39/100\n|-unboost|p1a: Archaludon|spa|2\n|\n|-weather|none\n|-heal|p2a: Slowking|45/100|[from] item: Leftovers\n|upkeep\n|turn|8\n|\n|t:|1777090798\n|switch|p1a: Basculegion|Basculegion, L50, M|100/100\n|-prepare|p2a: Slowking|Chilly Reception|[premajor]\n|move|p2a: Slowking|Chilly Reception|p2a: Slowking\n|-weather|Snowscape\n|\n|t:|1777090802\n|switch|p2a: Skarmory|Skarmory, L50, F|77/100|[from] Chilly Reception\n|\n|-weather|Snowscape|[upkeep]\n|upkeep\n|turn|9\n|\n|t:|1777090809\n|move|p1a: Basculegion|Flip Turn|p2a: Skarmory\n|-damage|p2a: Skarmory|54/100\n|\n|t:|1777090812\n|switch|p1a: Pelipper|Pelipper, L50, M|100/100|[from] Flip Turn\n|-weather|RainDance|[from] ability: Drizzle|[of] p1a: Pelipper\n|move|p2a: Skarmory|Spikes|p1a: Pelipper\n|-sidestart|p1: curecrescendo|Spikes\n|\n|-weather|RainDance|[upkeep]\n|upkeep\n|turn|10\n|\n|t:|1777090828\n|switch|p2a: Slowking|Slowking-Galar, L50, F|79/100\n|move|p1a: Pelipper|U-turn|p2a: Slowking\n|-damage|p2a: Slowking|70/100\n|\n|t:|1777090834\n|switch|p1a: Basculegion|Basculegion, L50, M|100/100|[from] U-turn\n|-damage|p1a: Basculegion|88/100|[from] Spikes\n|\n|-weather|RainDance|[upkeep]\n|-heal|p2a: Slowking|76/100|[from] item: Leftovers\n|upkeep\n|turn|11\n|\n|t:|1777090841\n|switch|p2a: Basculegion|Basculegion, L50, M|100/100\n|move|p1a: Basculegion|Wave Crash|p2a: Basculegion\n|-resisted|p2a: Basculegion|1\n|-damage|p2a: Basculegion|31/100\n|-damage|p1a: Basculegion|65/100|[from] Recoil\n|\n|-weather|RainDance|[upkeep]\n|upkeep\n|turn|12\n|\n|t:|1777090856\n|move|p2a: Basculegion|Aqua Jet|p1a: Basculegion\n|-resisted|p1a: Basculegion|1\n|-damage|p1a: Basculegion|40/100\n|move|p1a: Basculegion|Wave Crash|p2a: Basculegion\n|-resisted|p2a: Basculegion|1\n|-damage|p2a: Basculegion|0 fnt\n|faint|p2a: Basculegion\n|-damage|p1a: Basculegion|30/100|[from] Recoil\n|\n|-weather|RainDance|[upkeep]\n|upkeep\n|l| doremy\n|\n|t:|1777090863\n|switch|p2a: Skarmory|Skarmory, L50, F|54/100\n|turn|13\n|\n|t:|1777090867\n|move|p1a: Basculegion|Wave Crash|p2a: Skarmory\n|-crit|p2a: Skarmory\n|-damage|p2a: Skarmory|0 fnt\n|faint|p2a: Skarmory\n|-damage|p1a: Basculegion|14/100|[from] Recoil\n|\n|-weather|none\n|upkeep\n|\n|t:|1777090870\n|switch|p2a: Slowking|Slowking-Galar, L50, F|100/100\n|turn|14\n|\n|t:|1777090875\n|switch|p1a: Pelipper|Pelipper, L50, M|100/100\n|-weather|RainDance|[from] ability: Drizzle|[of] p1a: Pelipper\n|move|p2a: Slowking|Slack Off||[still]\n|-fail|p2a: Slowking|heal\n|\n|-weather|RainDance|[upkeep]\n|upkeep\n|turn|15\n|\n|t:|1777090883\n|move|p1a: Pelipper|Hurricane|p2a: Slowking\n|-damage|p2a: Slowking|69/100\n|-start|p2a: Slowking|confusion\n|-activate|p2a: Slowking|confusion\n|-damage|p2a: Slowking|63/100|[from] confusion\n|\n|-weather|RainDance|[upkeep]\n|-heal|p2a: Slowking|69/100|[from] item: Leftovers\n|upkeep\n|turn|16\n|\n|t:|1777090899\n|move|p1a: Pelipper|Hurricane|p2a: Slowking\n|-damage|p2a: Slowking|37/100\n|-end|p2a: Slowking|confusion\n|move|p2a: Slowking|Sludge Bomb|p1a: Pelipper\n|-damage|p1a: Pelipper|46/100\n|\n|-weather|RainDance|[upkeep]\n|-heal|p2a: Slowking|43/100|[from] item: Leftovers\n|upkeep\n|turn|17\n|\n|t:|1777090907\n|move|p1a: Pelipper|Surf|p2a: Slowking\n|-damage|p2a: Slowking|0 fnt\n|faint|p2a: Slowking\n|\n|win|curecrescendo\n|raw|curecrescendo's rating: 1362 &rarr; <strong>1390</strong><br />(+28 for winning)\n|raw|kerom.pk's rating: 1503 &rarr; <strong>1475</strong><br />(-28 for losing)\n|l|\u2606curecrescendo\n|player|p1|\n|l|\u203dkerom.pk\n|player|p2|\n", "uploadtime": 1777090978, "views": 2, "formatid": "gen9championsbssregma", "rating": 1390, "private": 0, "password": null}