{"id": "gen9championsbssregma-2593787339", "format": "[Gen 9 Champions] BSS Reg M-A", "players": ["cherif19", "ZUIEKI_TV"], "log": "|j|\u2606cherif19\n|j|\u2606ZUIEKI_TV\n|t:|1777127375\n|gametype|singles\n|player|p1|cherif19|2|1419\n|player|p2|ZUIEKI_TV|101|1420\n|gen|9\n|tier|[Gen 9 Champions] BSS Reg M-A\n|rated|\n|rule|Species Clause: Limit one of each Pok\u00e9mon\n|rule|Item Clause: Limit 1 of each item\n|clearpoke\n|poke|p1|Floette-Eternal, L50, F|\n|poke|p1|Archaludon, L50, M|\n|poke|p1|Mimikyu, L50, F|\n|poke|p1|Hydreigon, L50, F|\n|poke|p1|Meowscarada, L50, F|\n|poke|p1|Delphox, L50, M|\n|poke|p2|Volcarona, L50, F|\n|poke|p2|Kangaskhan, L50, F|\n|poke|p2|Aegislash, L50, F|\n|poke|p2|Dragonite, L50, F|\n|poke|p2|Hippowdon, L50, F|\n|poke|p2|Greninja, L50, F|\n|teampreview|3\n|inactive|Battle timer is ON: inactive players will automatically lose when time's up. (requested by cherif19)\n|j| toppo23\n|\n|t:|1777127399\n|teamsize|p1|3\n|teamsize|p2|3\n|start\n|switch|p1a: Archaludon|Archaludon, L50, M|100/100\n|switch|p2a: Aegislash|Aegislash, L50, F|100/100\n|turn|1\n|inactive|cherif19 has 30 seconds left.\n|\n|t:|1777127426\n|move|p1a: Archaludon|Stealth Rock|p2a: Aegislash\n|-sidestart|p2: ZUIEKI_TV|move: Stealth Rock\n|move|p2a: Aegislash|Swords Dance|p2a: Aegislash\n|-boost|p2a: Aegislash|atk|2\n|\n|upkeep\n|turn|2\n|\n|t:|1777127432\n|move|p1a: Archaludon|Thunder Wave|p2a: Aegislash\n|-status|p2a: Aegislash|par\n|-formechange|p2a: Aegislash|Aegislash-Blade|\n|move|p2a: Aegislash|Sacred Sword|p1a: Archaludon\n|-supereffective|p1a: Archaludon|1\n|-crit|p1a: Archaludon\n|-ability|p1a: Archaludon|Sturdy\n|-damage|p1a: Archaludon|1/100\n|\n|upkeep\n|turn|3\n|\n|t:|1777127443\n|move|p2a: Aegislash|Shadow Sneak|p1a: Archaludon\n|-damage|p1a: Archaludon|0 fnt\n|faint|p1a: Archaludon\n|\n|upkeep\n|\n|t:|1777127445\n|switch|p1a: Mimikyu|Mimikyu, L50, F|100/100\n|turn|4\n|\n|t:|1777127450\n|move|p2a: Aegislash|Shadow Sneak|p1a: Mimikyu\n|-activate|p1a: Mimikyu|ability: Disguise\n|-damage|p1a: Mimikyu|100/100\n|detailschange|p1a: Mimikyu|Mimikyu-Busted, L50, F\n|-damage|p1a: Mimikyu|88/100|[from] pokemon: Mimikyu-Busted\n|move|p1a: Mimikyu|Swords Dance|p1a: Mimikyu\n|-boost|p1a: Mimikyu|atk|2\n|\n|upkeep\n|turn|5\n|\n|t:|1777127466\n|switch|p2a: Hippowdon|Hippowdon, L50, F|100/100\n|-damage|p2a: Hippowdon|94/100|[from] Stealth Rock\n|-weather|Sandstorm|[from] ability: Sand Stream|[of] p2a: Hippowdon\n|move|p1a: Mimikyu|Shadow Sneak|p2a: Hippowdon\n|-damage|p2a: Hippowdon|70/100\n|\n|-weather|Sandstorm|[upkeep]\n|-damage|p1a: Mimikyu|82/100|[from] Sandstorm\n|-heal|p2a: Hippowdon|76/100|[from] item: Leftovers\n|upkeep\n|turn|6\n|\n|t:|1777127478\n|move|p1a: Mimikyu|Play Rough|p2a: Hippowdon|[miss]\n|-miss|p1a: Mimikyu|p2a: Hippowdon\n|move|p2a: Hippowdon|Earthquake|p1a: Mimikyu\n|-damage|p1a: Mimikyu|25/100\n|\n|-weather|Sandstorm|[upkeep]\n|-damage|p1a: Mimikyu|19/100|[from] Sandstorm\n|-heal|p2a: Hippowdon|82/100|[from] item: Leftovers\n|upkeep\n|turn|7\n|\n|t:|1777127490\n|move|p1a: Mimikyu|Shadow Claw|p2a: Hippowdon\n|-damage|p2a: Hippowdon|39/100\n|move|p2a: Hippowdon|Stealth Rock|p1a: Mimikyu\n|-sidestart|p1: cherif19|move: Stealth Rock\n|\n|-weather|Sandstorm|[upkeep]\n|-damage|p1a: Mimikyu|13/100|[from] Sandstorm\n|-heal|p2a: Hippowdon|45/100|[from] item: Leftovers\n|upkeep\n|turn|8\n|\n|t:|1777127499\n|move|p1a: Mimikyu|Play Rough|p2a: Hippowdon\n|-damage|p2a: Hippowdon|0 fnt\n|faint|p2a: Hippowdon\n|\n|-weather|Sandstorm|[upkeep]\n|-damage|p1a: Mimikyu|7/100|[from] Sandstorm\n|upkeep\n|\n|t:|1777127507\n|switch|p2a: Kangaskhan|Kangaskhan, L50, F|100/100\n|-damage|p2a: Kangaskhan|88/100|[from] Stealth Rock\n|turn|9\n|\n|t:|1777127512\n|move|p2a: Kangaskhan|Fake Out|p1a: Mimikyu\n|-damage|p1a: Mimikyu|0 fnt\n|faint|p1a: Mimikyu\n|\n|-weather|none\n|upkeep\n|\n|t:|1777127515\n|switch|p1a: Floette|Floette-Eternal, L50, F|100/100\n|-damage|p1a: Floette|88/100|[from] Stealth Rock\n|turn|10\n|\n|t:|1777127524\n|detailschange|p2a: Kangaskhan|Kangaskhan-Mega, L50, F\n|-mega|p2a: Kangaskhan|Kangaskhan|Kangaskhanite\n|detailschange|p1a: Floette|Floette-Mega, L50, F\n|-mega|p1a: Floette|Floette|Floettite\n|-ability|p1a: Floette|Fairy Aura\n|move|p2a: Kangaskhan|Double-Edge|p1a: Floette\n|-damage|p1a: Floette|32/100\n|-damage|p1a: Floette|19/100\n|-hitcount|p1a: Floette|2\n|-damage|p2a: Kangaskhan|69/100|[from] Recoil\n|move|p1a: Floette|Moonblast|p2a: Kangaskhan\n|-damage|p2a: Kangaskhan|3/100\n|\n|upkeep\n|turn|11\n|-message|cherif19 forfeited.\n|\n|win|ZUIEKI_TV\n|raw|cherif19's rating: 1419 &rarr; <strong>1399</strong><br />(-20 for losing)\n|raw|ZUIEKI_TV's rating: 1420 &rarr; <strong>1440</strong><br />(+20 for winning)\n|l|\u2606cherif19\n|player|p1|\n|l|\u2606ZUIEKI_TV\n|player|p2|\n", "uploadtime": 1777127852, "views": 8, "formatid": "gen9championsbssregma", "rating": 1399, "private": 0, "password": null}