{"id": "gen9championsbssregma-2592223069", "format": "[Gen 9 Champions] BSS Reg M-A", "players": ["HUGEEVEE", "boi in the back"], "log": "|j|\u2606HUGEEVEE\n|j|\u2606boi in the back\n|t:|1776971482\n|gametype|singles\n|player|p1|HUGEEVEE|1|1134\n|player|p2|boi in the back|jacinthe|1122\n|gen|9\n|tier|[Gen 9 Champions] BSS Reg M-A\n|rated|\n|rule|Species Clause: Limit one of each Pok\u00e9mon\n|rule|Item Clause: Limit 1 of each item\n|clearpoke\n|poke|p1|Espathra, L50, M, shiny|\n|poke|p1|Clefable, L50, F|\n|poke|p1|Basculegion, L50, M|\n|poke|p1|Chesnaught, L50, F|\n|poke|p1|Delphox, L50, F, shiny|\n|poke|p1|Floette-Eternal, L50, F|\n|poke|p2|Slowbro, L50, M, shiny|\n|poke|p2|Garchomp, L50, F|\n|poke|p2|Lucario, L50, M|\n|poke|p2|Kingambit, L50, M|\n|poke|p2|Delphox, L50, M, shiny|\n|poke|p2|Gengar, L50, F|\n|teampreview|3\n|inactive|Battle timer is ON: inactive players will automatically lose when time's up. (requested by boi in the back)\n|\n|t:|1776971511\n|teamsize|p1|3\n|teamsize|p2|3\n|start\n|switch|p1a: Espathra|Espathra, L50, M, shiny|100/100\n|switch|p2a: Gengar|Gengar, L50, F|100/100\n|turn|1\n|\n|t:|1776971521\n|move|p2a: Gengar|Taunt|p1a: Espathra\n|-start|p1a: Espathra|move: Taunt\n|cant|p1a: Espathra|move: Taunt|Calm Mind\n|\n|-ability|p1a: Espathra|Speed Boost|boost\n|-boost|p1a: Espathra|spe|1\n|upkeep\n|turn|2\n|\n|t:|1776971527\n|move|p1a: Espathra|Lumina Crash|p2a: Gengar\n|-supereffective|p2a: Gengar|1\n|-enditem|p2a: Gengar|Focus Sash\n|-damage|p2a: Gengar|1/100\n|-unboost|p2a: Gengar|spd|2\n|move|p2a: Gengar|Destiny Bond|p2a: Gengar\n|-singlemove|p2a: Gengar|Destiny Bond\n|\n|-ability|p1a: Espathra|Speed Boost|boost\n|-boost|p1a: Espathra|spe|1\n|upkeep\n|turn|3\n|\n|t:|1776971539\n|switch|p1a: Chesnaught|Chesnaught, L50, F|100/100\n|move|p2a: Gengar|Sludge Bomb|p1a: Chesnaught\n|-immune|p1a: Chesnaught|[from] ability: Bulletproof\n|\n|upkeep\n|turn|4\n|\n|t:|1776971548\n|switch|p1a: Espathra|Espathra, L50, M, shiny|100/100\n|move|p2a: Gengar|Destiny Bond|p2a: Gengar\n|-singlemove|p2a: Gengar|Destiny Bond\n|\n|upkeep\n|turn|5\n|\n|t:|1776971556\n|move|p2a: Gengar|Shadow Ball|p1a: Espathra\n|-supereffective|p1a: Espathra|1\n|-enditem|p1a: Espathra|Focus Sash\n|-damage|p1a: Espathra|1/100\n|move|p1a: Espathra|Calm Mind|p1a: Espathra\n|-boost|p1a: Espathra|spa|1\n|-boost|p1a: Espathra|spd|1\n|\n|-ability|p1a: Espathra|Speed Boost|boost\n|-boost|p1a: Espathra|spe|1\n|upkeep\n|turn|6\n|\n|t:|1776971565\n|move|p1a: Espathra|Lumina Crash|p2a: Gengar\n|-supereffective|p2a: Gengar|1\n|-crit|p2a: Gengar\n|-damage|p2a: Gengar|0 fnt\n|faint|p2a: Gengar\n|\n|-ability|p1a: Espathra|Speed Boost|boost\n|-boost|p1a: Espathra|spe|1\n|upkeep\n|\n|t:|1776971589\n|switch|p2a: Lucario|Lucario, L50, M|100/100\n|turn|7\n|\n|t:|1776971593\n|detailschange|p2a: Lucario|Lucario-Mega, L50, M\n|-mega|p2a: Lucario|Lucario|Lucarionite\n|move|p1a: Espathra|Protect|p1a: Espathra\n|-singleturn|p1a: Espathra|Protect\n|move|p2a: Lucario|Extreme Speed|p1a: Espathra\n|-activate|p1a: Espathra|move: Protect\n|\n|-ability|p1a: Espathra|Speed Boost|boost\n|-boost|p1a: Espathra|spe|1\n|upkeep\n|turn|8\n|\n|t:|1776971602\n|switch|p1a: Chesnaught|Chesnaught, L50, F|100/100\n|move|p2a: Lucario|Extreme Speed|p1a: Chesnaught\n|-damage|p1a: Chesnaught|79/100\n|\n|upkeep\n|turn|9\n|\n|t:|1776971624\n|switch|p2a: Delphox|Delphox, L50, M, shiny|100/100\n|detailschange|p1a: Chesnaught|Chesnaught-Mega, L50, F\n|-mega|p1a: Chesnaught|Chesnaught|Chesnaughtite\n|move|p1a: Chesnaught|Bulk Up|p1a: Chesnaught\n|-boost|p1a: Chesnaught|atk|1\n|-boost|p1a: Chesnaught|def|1\n|\n|upkeep\n|turn|10\n|\n|t:|1776971636\n|move|p2a: Delphox|Flamethrower|p1a: Chesnaught\n|-supereffective|p1a: Chesnaught|1\n|-damage|p1a: Chesnaught|15/100\n|move|p1a: Chesnaught|Earthquake|p2a: Delphox\n|-supereffective|p2a: Delphox|1\n|-damage|p2a: Delphox|0 fnt\n|faint|p2a: Delphox\n|\n|upkeep\n|\n|t:|1776971639\n|switch|p2a: Lucario|Lucario-Mega, L50, M|100/100\n|turn|11\n|\n|t:|1776971647\n|move|p2a: Lucario|Meteor Mash|p1a: Chesnaught\n|-damage|p1a: Chesnaught|0 fnt\n|faint|p1a: Chesnaught\n|\n|upkeep\n|\n|t:|1776971656\n|switch|p1a: Espathra|Espathra, L50, M, shiny|1/100\n|turn|12\n|\n|t:|1776971659\n|move|p2a: Lucario|Swords Dance|p2a: Lucario\n|-boost|p2a: Lucario|atk|2\n|move|p1a: Espathra|Lumina Crash|p2a: Lucario\n|-crit|p2a: Lucario\n|-damage|p2a: Lucario|18/100\n|-unboost|p2a: Lucario|spd|2\n|\n|-ability|p1a: Espathra|Speed Boost|boost\n|-boost|p1a: Espathra|spe|1\n|upkeep\n|turn|13\n|\n|t:|1776971669\n|move|p2a: Lucario|Extreme Speed|p1a: Espathra\n|-damage|p1a: Espathra|0 fnt\n|faint|p1a: Espathra\n|\n|upkeep\n|\n|t:|1776971674\n|switch|p1a: Floette|Floette-Eternal, L50, F|100/100\n|turn|14\n|\n|t:|1776971678\n|move|p2a: Lucario|Meteor Mash|p1a: Floette\n|-supereffective|p1a: Floette|1\n|-damage|p1a: Floette|0 fnt\n|faint|p1a: Floette\n|\n|win|boi in the back\n|raw|HUGEEVEE's rating: 1134 &rarr; <strong>1108</strong><br />(-26 for losing)\n|raw|boi in the back's rating: 1122 &rarr; <strong>1148</strong><br />(+26 for winning)\n", "uploadtime": 1776971681, "views": 1, "formatid": "gen9championsbssregma", "rating": 1108, "private": 0, "password": null}