{"id": "gen9championsbssregma-2594529413", "format": "[Gen 9 Champions] BSS Reg M-A", "players": ["akiniri muroi", "Ludius_FLY"], "log": "|j|\u2606akiniri muroi\n|j|\u2606Ludius_FLY\n|t:|1777209980\n|gametype|singles\n|player|p1|akiniri muroi|169|1317\n|player|p2|Ludius_FLY|n|1298\n|gen|9\n|tier|[Gen 9 Champions] BSS Reg M-A\n|rated|\n|rule|Species Clause: Limit one of each Pok\u00e9mon\n|rule|Item Clause: Limit 1 of each item\n|clearpoke\n|poke|p1|Lopunny, L50, M|\n|poke|p1|Garchomp, L50, F|\n|poke|p1|Sneasler, L50, M|\n|poke|p1|Skeledirge, L50, M|\n|poke|p1|Primarina, L50, M|\n|poke|p1|Alakazam, L50, M|\n|poke|p2|Corviknight, L50, M|\n|poke|p2|Scizor, L50, F|\n|poke|p2|Garchomp, L50, F|\n|poke|p2|Umbreon, L50, M|\n|poke|p2|Rotom-Wash, L50|\n|poke|p2|Gengar, L50, M|\n|teampreview|3\n|inactive|Battle timer is ON: inactive players will automatically lose when time's up. (requested by Ludius_FLY)\n|\n|t:|1777210003\n|teamsize|p1|3\n|teamsize|p2|3\n|start\n|switch|p1a: Garchomp|Garchomp, L50, F|100/100\n|switch|p2a: Garchomp|Garchomp, L50, F|100/100\n|turn|1\n|\n|t:|1777210017\n|move|p1a: Garchomp|Scale Shot|p2a: Garchomp\n|-supereffective|p2a: Garchomp|1\n|-damage|p2a: Garchomp|72/100\n|-supereffective|p2a: Garchomp|1\n|-damage|p2a: Garchomp|42/100\n|-supereffective|p2a: Garchomp|1\n|-damage|p2a: Garchomp|15/100\n|-supereffective|p2a: Garchomp|1\n|-damage|p2a: Garchomp|0 fnt\n|faint|p2a: Garchomp\n|-hitcount|p2: Garchomp|4\n|-unboost|p1a: Garchomp|def|1\n|-boost|p1a: Garchomp|spe|1\n|\n|upkeep\n|\n|t:|1777210027\n|switch|p2a: Corviknight|Corviknight, L50, M|100/100\n|-ability|p2a: Corviknight|Pressure\n|turn|2\n|\n|t:|1777210032\n|move|p1a: Garchomp|Stealth Rock|p2a: Corviknight\n|-sidestart|p2: Ludius_FLY|move: Stealth Rock\n|move|p2a: Corviknight|Iron Defense|p2a: Corviknight\n|-boost|p2a: Corviknight|def|2\n|\n|upkeep\n|turn|3\n|\n|t:|1777210037\n|move|p1a: Garchomp|Spikes|p2a: Corviknight\n|-sidestart|p2: Ludius_FLY|Spikes\n|move|p2a: Corviknight|Body Press|p1a: Garchomp\n|-damage|p1a: Garchomp|12/100\n|-damage|p2a: Corviknight|87/100|[from] ability: Rough Skin|[of] p1a: Garchomp\n|\n|upkeep\n|turn|4\n|\n|t:|1777210044\n|switch|p1a: Skeledirge|Skeledirge, L50, M|100/100\n|move|p2a: Corviknight|Body Press|p1a: Skeledirge\n|-immune|p1a: Skeledirge\n|\n|upkeep\n|turn|5\n|\n|t:|1777210053\n|switch|p2a: Rotom|Rotom-Wash, L50|100/100\n|-damage|p2a: Rotom|88/100|[from] Stealth Rock\n|move|p1a: Skeledirge|Torch Song|p2a: Rotom\n|-resisted|p2a: Rotom|1\n|-damage|p2a: Rotom|69/100\n|-boost|p1a: Skeledirge|spa|1\n|\n|upkeep\n|turn|6\n|\n|t:|1777210062\n|move|p1a: Skeledirge|Protect|p1a: Skeledirge\n|-singleturn|p1a: Skeledirge|Protect\n|move|p2a: Rotom|Hydro Pump|p1a: Skeledirge\n|-activate|p1a: Skeledirge|move: Protect\n|\n|upkeep\n|turn|7\n|\n|t:|1777210069\n|switch|p1a: Garchomp|Garchomp, L50, F|12/100\n|move|p2a: Rotom|Hydro Pump|p1a: Garchomp\n|-damage|p1a: Garchomp|0 fnt\n|faint|p1a: Garchomp\n|\n|upkeep\n|\n|t:|1777210071\n|switch|p1a: Lopunny|Lopunny, L50, M|100/100\n|turn|8\n|\n|t:|1777210080\n|switch|p2a: Corviknight|Corviknight, L50, M|87/100\n|-damage|p2a: Corviknight|75/100|[from] Stealth Rock\n|-ability|p2a: Corviknight|Pressure\n|detailschange|p1a: Lopunny|Lopunny-Mega, L50, M\n|-mega|p1a: Lopunny|Lopunny|Lopunnite\n|move|p1a: Lopunny|Swords Dance|p1a: Lopunny\n|-boost|p1a: Lopunny|atk|2\n|\n|upkeep\n|turn|9\n|\n|t:|1777210095\n|move|p1a: Lopunny|Thunder Punch|p2a: Corviknight\n|-supereffective|p2a: Corviknight|1\n|-damage|p2a: Corviknight|17/100\n|-enditem|p2a: Corviknight|Sitrus Berry|[eat]\n|-heal|p2a: Corviknight|41/100|[from] item: Sitrus Berry\n|move|p2a: Corviknight|Body Press|p1a: Lopunny\n|-supereffective|p1a: Lopunny|1\n|-damage|p1a: Lopunny|36/100\n|\n|upkeep\n|turn|10\n|\n|t:|1777210106\n|move|p1a: Lopunny|Thunder Punch|p2a: Corviknight\n|-supereffective|p2a: Corviknight|1\n|-damage|p2a: Corviknight|0 fnt\n|faint|p2a: Corviknight\n|\n|upkeep\n|\n|t:|1777210111\n|switch|p2a: Rotom|Rotom-Wash, L50|69/100\n|-damage|p2a: Rotom|57/100|[from] Stealth Rock\n|turn|11\n|\n|t:|1777210116\n|move|p2a: Rotom|Hydro Pump|p1a: Lopunny\n|-crit|p1a: Lopunny\n|-damage|p1a: Lopunny|0 fnt\n|faint|p1a: Lopunny\n|\n|upkeep\n|\n|t:|1777210118\n|switch|p1a: Skeledirge|Skeledirge, L50, M|100/100\n|turn|12\n|\n|t:|1777210122\n|move|p2a: Rotom|Hydro Pump|p1a: Skeledirge\n|-supereffective|p1a: Skeledirge|1\n|-damage|p1a: Skeledirge|0 fnt\n|faint|p1a: Skeledirge\n|\n|win|Ludius_FLY\n|raw|akiniri muroi's rating: 1317 &rarr; <strong>1296</strong><br />(-21 for losing)\n|raw|Ludius_FLY's rating: 1298 &rarr; <strong>1324</strong><br />(+26 for winning)\n", "uploadtime": 1777210122, "views": 6, "formatid": "gen9championsbssregma", "rating": 1296, "private": 0, "password": null}