{"id": "gen9championsbssregma-2589911159", "format": "[Gen 9 Champions] BSS Reg M-A", "players": ["financialweapon", "joguri"], "log": "|j|\u2606financialweapon\n|j|\u2606joguri\n|t:|1776773285\n|gametype|singles\n|player|p1|financialweapon|palmer|1232\n|player|p2|joguri|dawn|1311\n|gen|9\n|tier|[Gen 9 Champions] BSS Reg M-A\n|rated|\n|rule|Species Clause: Limit one of each Pok\u00e9mon\n|rule|Item Clause: Limit 1 of each item\n|clearpoke\n|poke|p1|Lucario, L50, M, shiny|\n|poke|p1|Armarouge, L50, F|\n|poke|p1|Orthworm, L50, F|\n|poke|p1|Mimikyu, L50, F|\n|poke|p1|Garchomp, L50, M|\n|poke|p1|Tyranitar, L50, M|\n|poke|p2|Lopunny, L50, M|\n|poke|p2|Garchomp, L50, M|\n|poke|p2|Glimmora, L50, F|\n|poke|p2|Primarina, L50, M|\n|poke|p2|Corviknight, L50, M|\n|poke|p2|Clefable, L50, M|\n|teampreview|3\n|\n|t:|1776773304\n|teamsize|p1|3\n|teamsize|p2|3\n|start\n|switch|p1a: Armarouge|Armarouge, L50, F|100/100\n|switch|p2a: Lopunny|Lopunny, L50, M|100/100\n|turn|1\n|inactive|Battle timer is ON: inactive players will automatically lose when time's up. (requested by joguri)\n|\n|t:|1776773326\n|move|p2a: Lopunny|Cosmic Power|p2a: Lopunny\n|-boost|p2a: Lopunny|def|1\n|-boost|p2a: Lopunny|spd|1\n|move|p1a: Armarouge|Calm Mind|p1a: Armarouge\n|-boost|p1a: Armarouge|spa|1\n|-boost|p1a: Armarouge|spd|1\n|\n|upkeep\n|turn|2\n|\n|t:|1776773335\n|move|p2a: Lopunny|Cosmic Power|p2a: Lopunny\n|-boost|p2a: Lopunny|def|1\n|-boost|p2a: Lopunny|spd|1\n|move|p1a: Armarouge|Psyshock|p2a: Lopunny\n|-damage|p2a: Lopunny|62/100\n|\n|upkeep\n|turn|3\n|\n|t:|1776773347\n|move|p2a: Lopunny|Cotton Guard|p2a: Lopunny\n|-boost|p2a: Lopunny|def|3\n|move|p1a: Armarouge|Armor Cannon|p2a: Lopunny\n|-damage|p2a: Lopunny|11/100\n|-unboost|p1a: Armarouge|def|1\n|-unboost|p1a: Armarouge|spd|1\n|\n|upkeep\n|turn|4\n|\n|t:|1776773356\n|move|p2a: Lopunny|Baton Pass|p2a: Lopunny\n|\n|t:|1776773357\n|switch|p2a: Clefable|Clefable, L50, M|100/100|[from] Baton Pass\n|move|p1a: Armarouge|Calm Mind|p1a: Armarouge\n|-boost|p1a: Armarouge|spa|1\n|-boost|p1a: Armarouge|spd|1\n|\n|upkeep\n|turn|5\n|\n|t:|1776773366\n|move|p1a: Armarouge|Armor Cannon|p2a: Clefable\n|-damage|p2a: Clefable|78/100\n|-unboost|p1a: Armarouge|def|1\n|-unboost|p1a: Armarouge|spd|1\n|move|p2a: Clefable|Calm Mind|p2a: Clefable\n|-boost|p2a: Clefable|spa|1\n|-boost|p2a: Clefable|spd|1\n|\n|upkeep\n|turn|6\n|\n|t:|1776773377\n|move|p1a: Armarouge|Calm Mind|p1a: Armarouge\n|-boost|p1a: Armarouge|spa|1\n|-boost|p1a: Armarouge|spd|1\n|move|p2a: Clefable|Calm Mind|p2a: Clefable\n|-boost|p2a: Clefable|spa|1\n|-boost|p2a: Clefable|spd|1\n|\n|upkeep\n|turn|7\n|\n|t:|1776773383\n|move|p1a: Armarouge|Calm Mind|p1a: Armarouge\n|-boost|p1a: Armarouge|spa|1\n|-boost|p1a: Armarouge|spd|1\n|move|p2a: Clefable|Calm Mind|p2a: Clefable\n|-boost|p2a: Clefable|spa|1\n|-boost|p2a: Clefable|spd|1\n|\n|upkeep\n|turn|8\n|\n|t:|1776773389\n|move|p1a: Armarouge|Calm Mind|p1a: Armarouge\n|-boost|p1a: Armarouge|spa|1\n|-boost|p1a: Armarouge|spd|1\n|move|p2a: Clefable|Calm Mind|p2a: Clefable\n|-boost|p2a: Clefable|spa|1\n|-boost|p2a: Clefable|spd|1\n|\n|upkeep\n|turn|9\n|\n|t:|1776773404\n|switch|p1a: Lucario|Lucario, L50, M, shiny|100/100\n|move|p2a: Clefable|Stored Power|p1a: Lucario\n|-damage|p1a: Lucario|0 fnt\n|faint|p1a: Lucario\n|\n|upkeep\n|-message|financialweapon forfeited.\n|\n|win|joguri\n|raw|financialweapon's rating: 1232 &rarr; <strong>1213</strong><br />(-19 for losing)\n|raw|joguri's rating: 1311 &rarr; <strong>1327</strong><br />(+16 for winning)\n|l|\u2606financialweapon\n|player|p1|\n", "uploadtime": 1776773414, "views": 6, "formatid": "gen9championsbssregma", "rating": 1213, "private": 0, "password": null}