{"id": "gen9championsbssregma-2593499227", "format": "[Gen 9 Champions] BSS Reg M-A", "players": ["Condamnation", "kitazaki"], "log": "|j|\u2606Condamnation\n|j|\u2606kitazaki\n|t:|1777089105\n|gametype|singles\n|player|p1|Condamnation|veteranf|1565\n|player|p2|kitazaki|102|1535\n|gen|9\n|tier|[Gen 9 Champions] BSS Reg M-A\n|rated|\n|rule|Species Clause: Limit one of each Pok\u00e9mon\n|rule|Item Clause: Limit 1 of each item\n|clearpoke\n|poke|p1|Kangaskhan, L50, F|\n|poke|p1|Garchomp, L50, F|\n|poke|p1|Primarina, L50, M|\n|poke|p1|Aegislash, L50, F|\n|poke|p1|Archaludon, L50, F|\n|poke|p1|Skeledirge, L50, F|\n|poke|p2|Dragonite, L50, F|\n|poke|p2|Glimmora, L50, F|\n|poke|p2|Basculegion, L50, M|\n|poke|p2|Kingambit, L50, M|\n|poke|p2|Clefable, L50, F|\n|poke|p2|Umbreon, L50, F|\n|teampreview|3\n|inactive|Battle timer is ON: inactive players will automatically lose when time's up. (requested by kitazaki)\n|\n|t:|1777089190\n|teamsize|p1|3\n|teamsize|p2|3\n|start\n|switch|p1a: Kangaskhan|Kangaskhan, L50, F|100/100\n|switch|p2a: Glimmora|Glimmora, L50, F|100/100\n|turn|1\n|\n|t:|1777089196\n|detailschange|p1a: Kangaskhan|Kangaskhan-Mega, L50, F\n|-mega|p1a: Kangaskhan|Kangaskhan|Kangaskhanite\n|move|p1a: Kangaskhan|Earthquake|p2a: Glimmora\n|-supereffective|p2a: Glimmora|2\n|-enditem|p2a: Glimmora|Focus Sash\n|-damage|p2a: Glimmora|1/100\n|-activate|p2a: Glimmora|ability: Toxic Debris\n|-sidestart|p1: Condamnation|move: Toxic Spikes\n|-supereffective|p2a: Glimmora|2\n|-damage|p2a: Glimmora|0 fnt\n|-activate|p2a: Glimmora|ability: Toxic Debris\n|-sidestart|p1: Condamnation|move: Toxic Spikes\n|faint|p2a: Glimmora\n|-hitcount|p2: Glimmora|2\n|\n|upkeep\n|\n|t:|1777089209\n|switch|p2a: Dragonite|Dragonite, L50, F|100/100\n|turn|2\n|inactive|Condamnation has 30 seconds left.\n|inactive|Condamnation has 20 seconds left.\n|inactive|Condamnation has 15 seconds left.\n|inactive|Condamnation has 10 seconds left.\n|\n|t:|1777089258\n|switch|p1a: Skeledirge|Skeledirge, L50, F|100/100\n|-status|p1a: Skeledirge|tox\n|detailschange|p2a: Dragonite|Dragonite-Mega, L50, F\n|-mega|p2a: Dragonite|Dragonite|Dragoninite\n|move|p2a: Dragonite|Air Slash|p1a: Skeledirge\n|-damage|p1a: Skeledirge|67/100 tox\n|\n|-damage|p1a: Skeledirge|61/100 tox|[from] psn\n|upkeep\n|turn|3\n|\n|t:|1777089274\n|move|p2a: Dragonite|Draco Meteor|p1a: Skeledirge\n|-damage|p1a: Skeledirge|2/100 tox\n|-unboost|p2a: Dragonite|spa|2\n|-enditem|p1a: Skeledirge|Sitrus Berry|[eat]\n|-heal|p1a: Skeledirge|26/100 tox|[from] item: Sitrus Berry\n|move|p1a: Skeledirge|Will-O-Wisp|p2a: Dragonite|[miss]\n|-miss|p1a: Skeledirge|p2a: Dragonite\n|\n|-damage|p1a: Skeledirge|14/100 tox|[from] psn\n|upkeep\n|turn|4\n|\n|t:|1777089285\n|move|p2a: Dragonite|Air Slash|p1a: Skeledirge\n|-damage|p1a: Skeledirge|0 fnt\n|faint|p1a: Skeledirge\n|\n|upkeep\n|\n|t:|1777089287\n|switch|p1a: Kangaskhan|Kangaskhan-Mega, L50, F|100/100\n|-status|p1a: Kangaskhan|tox\n|turn|5\n|\n|t:|1777089305\n|move|p1a: Kangaskhan|Ice Punch|p2a: Dragonite\n|-supereffective|p2a: Dragonite|2\n|-damage|p2a: Dragonite|55/100\n|-supereffective|p2a: Dragonite|2\n|-damage|p2a: Dragonite|36/100\n|-hitcount|p2a: Dragonite|2\n|move|p2a: Dragonite|Air Slash|p1a: Kangaskhan\n|-damage|p1a: Kangaskhan|79/100 tox\n|\n|-damage|p1a: Kangaskhan|73/100 tox|[from] psn\n|upkeep\n|turn|6\n|\n|t:|1777089318\n|switch|p2a: Basculegion|Basculegion, L50, M|100/100\n|move|p1a: Kangaskhan|Ice Punch|p2a: Basculegion\n|-resisted|p2a: Basculegion|1\n|-damage|p2a: Basculegion|84/100\n|-resisted|p2a: Basculegion|1\n|-damage|p2a: Basculegion|81/100\n|-hitcount|p2a: Basculegion|2\n|\n|-damage|p1a: Kangaskhan|61/100 tox|[from] psn\n|upkeep\n|turn|7\n|\n|t:|1777089336\n|move|p2a: Basculegion|Flip Turn|p1a: Kangaskhan\n|-damage|p1a: Kangaskhan|22/100 tox\n|\n|t:|1777089339\n|switch|p2a: Dragonite|Dragonite-Mega, L50, F|36/100|[from] Flip Turn\n|move|p1a: Kangaskhan|Earthquake|p2a: Dragonite\n|-immune|p2a: Dragonite\n|\n|-damage|p1a: Kangaskhan|4/100 tox|[from] psn\n|upkeep\n|turn|8\n|\n|t:|1777089348\n|switch|p2a: Basculegion|Basculegion, L50, M|81/100\n|move|p1a: Kangaskhan|Ice Punch|p2a: Basculegion\n|-resisted|p2a: Basculegion|1\n|-damage|p2a: Basculegion|64/100\n|-resisted|p2a: Basculegion|1\n|-damage|p2a: Basculegion|61/100\n|-hitcount|p2a: Basculegion|2\n|\n|-damage|p1a: Kangaskhan|0 fnt|[from] psn\n|faint|p1a: Kangaskhan\n|upkeep\n|\n|t:|1777089351\n|switch|p1a: Primarina|Primarina, L50, M|100/100\n|-status|p1a: Primarina|tox\n|turn|9\n|\n|t:|1777089367\n|move|p2a: Basculegion|Flip Turn|p1a: Primarina\n|-resisted|p1a: Primarina|1\n|-damage|p1a: Primarina|80/100 tox\n|\n|t:|1777089369\n|switch|p2a: Dragonite|Dragonite-Mega, L50, F|36/100|[from] Flip Turn\n|move|p1a: Primarina|Moonblast|p2a: Dragonite\n|-supereffective|p2a: Dragonite|1\n|-damage|p2a: Dragonite|0 fnt\n|faint|p2a: Dragonite\n|\n|-damage|p1a: Primarina|75/100 tox|[from] psn\n|upkeep\n|\n|t:|1777089380\n|switch|p2a: Basculegion|Basculegion, L50, M|61/100\n|turn|10\n|\n|t:|1777089383\n|move|p2a: Basculegion|Last Respects|p1a: Primarina\n|-damage|p1a: Primarina|0 fnt\n|faint|p1a: Primarina\n|\n|win|kitazaki\n|raw|Condamnation's rating: 1565 &rarr; <strong>1543</strong><br />(-22 for losing)\n|raw|kitazaki's rating: 1535 &rarr; <strong>1557</strong><br />(+22 for winning)\n", "uploadtime": 1777089387, "views": 12, "formatid": "gen9championsbssregma", "rating": 1543, "private": 0, "password": null}