{"id": "gen9championsbssregma-2590694762", "format": "[Gen 9 Champions] BSS Reg M-A", "players": ["DeaRubbish", "nnaavveerr"], "log": "|j|\u2606DeaRubbish\n|j|\u2606nnaavveerr\n|t:|1776835600\n|gametype|singles\n|player|p1|DeaRubbish|lass-gen4dp|1326\n|player|p2|nnaavveerr|ghetsis|1224\n|gen|9\n|tier|[Gen 9 Champions] BSS Reg M-A\n|rated|\n|rule|Species Clause: Limit one of each Pok\u00e9mon\n|rule|Item Clause: Limit 1 of each item\n|clearpoke\n|poke|p1|Garchomp, L50, M|\n|poke|p1|Gengar, L50, M|\n|poke|p1|Corviknight, L50, F|\n|poke|p1|Primarina, L50, F|\n|poke|p1|Lopunny, L50, M|\n|poke|p1|Umbreon, L50, F|\n|poke|p2|Garchomp, L50, F|\n|poke|p2|Sneasler, L50, F|\n|poke|p2|Gyarados, L50, F|\n|poke|p2|Charizard, L50, F|\n|poke|p2|Serperior, L50, F|\n|poke|p2|Slowbro-Galar, L50, F|\n|teampreview|3\n|inactive|Battle timer is ON: inactive players will automatically lose when time's up. (requested by nnaavveerr)\n|\n|t:|1776835661\n|teamsize|p1|3\n|teamsize|p2|3\n|start\n|switch|p1a: Lopunny|Lopunny, L50, M|100/100\n|switch|p2a: Sneasler|Sneasler, L50, F|100/100\n|turn|1\n|\n|t:|1776835667\n|detailschange|p1a: Lopunny|Lopunny-Mega, L50, M\n|-mega|p1a: Lopunny|Lopunny|Lopunnite\n|move|p1a: Lopunny|Fake Out|p2a: Sneasler\n|-damage|p2a: Sneasler|63/100\n|cant|p2a: Sneasler|flinch\n|\n|upkeep\n|turn|2\n|\n|t:|1776835678\n|switch|p1a: Corviknight|Corviknight, L50, F|100/100\n|-ability|p1a: Corviknight|Pressure\n|move|p2a: Sneasler|Close Combat|p1a: Corviknight\n|-damage|p1a: Corviknight|61/100\n|-unboost|p2a: Sneasler|def|1\n|-unboost|p2a: Sneasler|spd|1\n|\n|upkeep\n|turn|3\n|\n|t:|1776835689\n|move|p2a: Sneasler|U-turn|p1a: Corviknight\n|-resisted|p1a: Corviknight|2\n|-damage|p1a: Corviknight|57/100\n|\n|t:|1776835693\n|switch|p2a: Garchomp|Garchomp, L50, F|100/100|[from] U-turn\n|move|p1a: Corviknight|U-turn|p2a: Garchomp\n|-damage|p2a: Garchomp|85/100\n|-damage|p1a: Corviknight|45/100|[from] ability: Rough Skin|[of] p2a: Garchomp\n|\n|t:|1776835703\n|switch|p1a: Garchomp|Garchomp, L50, M|100/100|[from] U-turn\n|\n|upkeep\n|turn|4\n|j| bromerta\n|\n|t:|1776835707\n|switch|p1a: Corviknight|Corviknight, L50, F|45/100\n|-ability|p1a: Corviknight|Pressure\n|move|p2a: Garchomp|Scale Shot|p1a: Corviknight|[miss]\n|-miss|p2a: Garchomp|p1a: Corviknight\n|\n|upkeep\n|turn|5\n|\n|t:|1776835715\n|move|p2a: Garchomp|Scale Shot|p1a: Corviknight\n|-resisted|p1a: Corviknight|1\n|-damage|p1a: Corviknight|41/100\n|-resisted|p1a: Corviknight|1\n|-damage|p1a: Corviknight|37/100\n|-hitcount|p1a: Corviknight|2\n|-unboost|p2a: Garchomp|def|1\n|-boost|p2a: Garchomp|spe|1\n|move|p1a: Corviknight|Roost|p1a: Corviknight\n|-heal|p1a: Corviknight|87/100\n|-singleturn|p1a: Corviknight|move: Roost\n|\n|upkeep\n|turn|6\n|\n|t:|1776835726\n|move|p2a: Garchomp|Swords Dance|p2a: Garchomp\n|-boost|p2a: Garchomp|atk|2\n|move|p1a: Corviknight|Iron Defense|p1a: Corviknight\n|-boost|p1a: Corviknight|def|2\n|\n|upkeep\n|turn|7\n|\n|t:|1776835731\n|move|p2a: Garchomp|Fire Fang|p1a: Corviknight\n|-supereffective|p1a: Corviknight|1\n|-damage|p1a: Corviknight|61/100\n|move|p1a: Corviknight|Iron Defense|p1a: Corviknight\n|-boost|p1a: Corviknight|def|2\n|\n|upkeep\n|turn|8\n|\n|t:|1776835740\n|move|p2a: Garchomp|Swords Dance|p2a: Garchomp\n|-boost|p2a: Garchomp|atk|2\n|move|p1a: Corviknight|Body Press|p2a: Garchomp\n|-damage|p2a: Garchomp|0 fnt\n|-damage|p1a: Corviknight|49/100|[from] ability: Rough Skin|[of] p2a: Garchomp\n|faint|p2a: Garchomp\n|\n|upkeep\n|\n|t:|1776835745\n|switch|p2a: Charizard|Charizard, L50, F|100/100\n|turn|9\n|\n|t:|1776835749\n|detailschange|p2a: Charizard|Charizard-Mega-Y, L50, F\n|-mega|p2a: Charizard|Charizard|Charizardite Y\n|-weather|SunnyDay|[from] ability: Drought|[of] p2a: Charizard\n|move|p2a: Charizard|Weather Ball|p1a: Corviknight\n|-supereffective|p1a: Corviknight|1\n|-damage|p1a: Corviknight|0 fnt\n|faint|p1a: Corviknight\n|\n|-weather|SunnyDay|[upkeep]\n|upkeep\n|\n|t:|1776835757\n|switch|p1a: Garchomp|Garchomp, L50, M|100/100\n|turn|10\n|\n|t:|1776835768\n|move|p2a: Charizard|Air Slash|p1a: Garchomp\n|-crit|p1a: Garchomp\n|-damage|p1a: Garchomp|39/100\n|-enditem|p1a: Garchomp|Sitrus Berry|[eat]\n|-heal|p1a: Garchomp|64/100|[from] item: Sitrus Berry\n|cant|p1a: Garchomp|flinch\n|\n|-weather|SunnyDay|[upkeep]\n|upkeep\n|turn|11\n|\n|t:|1776835775\n|move|p2a: Charizard|Air Slash|p1a: Garchomp\n|-damage|p1a: Garchomp|22/100\n|move|p1a: Garchomp|Rock Tomb|p2a: Charizard\n|-supereffective|p2a: Charizard|2\n|-damage|p2a: Charizard|1/100\n|-unboost|p2a: Charizard|spe|1\n|\n|-weather|SunnyDay|[upkeep]\n|upkeep\n|turn|12\n|\n|t:|1776835784\n|move|p1a: Garchomp|Rock Tomb|p2a: Charizard\n|-supereffective|p2a: Charizard|2\n|-crit|p2a: Charizard\n|-damage|p2a: Charizard|0 fnt\n|faint|p2a: Charizard\n|\n|-weather|SunnyDay|[upkeep]\n|upkeep\n|\n|t:|1776835789\n|switch|p2a: Sneasler|Sneasler, L50, F|63/100\n|turn|13\n|\n|t:|1776835793\n|move|p2a: Sneasler|Fake Out|p1a: Garchomp\n|-damage|p1a: Garchomp|12/100\n|-damage|p2a: Sneasler|51/100|[from] ability: Rough Skin|[of] p1a: Garchomp\n|cant|p1a: Garchomp|flinch\n|\n|-weather|none\n|upkeep\n|turn|14\n|\n|t:|1776835800\n|move|p2a: Sneasler|U-turn|p1a: Garchomp\n|-crit|p1a: Garchomp\n|-damage|p1a: Garchomp|0 fnt\n|-damage|p2a: Sneasler|39/100|[from] ability: Rough Skin|[of] p1a: Garchomp\n|faint|p1a: Garchomp\n|\n|upkeep\n|\n|t:|1776835805\n|switch|p1a: Lopunny|Lopunny-Mega, L50, M|100/100\n|turn|15\n|\n|t:|1776835810\n|move|p1a: Lopunny|Fake Out|p2a: Sneasler\n|-damage|p2a: Sneasler|0 fnt\n|faint|p2a: Sneasler\n|\n|win|DeaRubbish\n|raw|DeaRubbish's rating: 1326 &rarr; <strong>1340</strong><br />(+14 for winning)\n|raw|nnaavveerr's rating: 1224 &rarr; <strong>1206</strong><br />(-18 for losing)\n|l|\u2606nnaavveerr\n|player|p2|\n|l|\u2606DeaRubbish\n|player|p1|\n", "uploadtime": 1776835857, "views": 9, "formatid": "gen9championsbssregma", "rating": 1206, "private": 0, "password": null}