{"id": "gen9championsbssregma-2593851330", "format": "[Gen 9 Champions] BSS Reg M-A", "players": ["zhiyongyici", "stlo15"], "log": "|j|\u2606zhiyongyici\n|j|\u2606stlo15\n|t:|1777133298\n|gametype|singles\n|player|p1|zhiyongyici|clerk|1298\n|player|p2|stlo15|169|1308\n|gen|9\n|tier|[Gen 9 Champions] BSS Reg M-A\n|rated|\n|rule|Species Clause: Limit one of each Pok\u00e9mon\n|rule|Item Clause: Limit 1 of each item\n|clearpoke\n|poke|p1|Starmie, L50|\n|poke|p1|Dragonite, L50, M|\n|poke|p1|Dragapult, L50, M|\n|poke|p1|Primarina, L50, M|\n|poke|p1|Sneasler, L50, F|\n|poke|p1|Aggron, L50, M|\n|poke|p2|Hippowdon, L50, M|\n|poke|p2|Charizard, L50, F|\n|poke|p2|Aegislash, L50, F|\n|poke|p2|Floette-Eternal, L50, F|\n|poke|p2|Greninja, L50, M|\n|poke|p2|Sneasler, L50, F|\n|teampreview|3\n|\n|t:|1777133365\n|teamsize|p1|3\n|teamsize|p2|3\n|start\n|switch|p1a: Aggron|Aggron, L50, M|100/100\n|switch|p2a: Greninja|Greninja, L50, M|100/100\n|turn|1\n|\n|t:|1777133374\n|detailschange|p1a: Aggron|Aggron-Mega, L50, M\n|-mega|p1a: Aggron|Aggron|Aggronite\n|move|p2a: Greninja|Surf|p1a: Aggron\n|-damage|p1a: Aggron|61/100\n|move|p1a: Aggron|Body Press|p2a: Greninja\n|-supereffective|p2a: Greninja|1\n|-enditem|p2a: Greninja|Focus Sash\n|-damage|p2a: Greninja|1/100\n|\n|upkeep\n|turn|2\n|j| SmallRay\n|\n|t:|1777133384\n|switch|p1a: Primarina|Primarina, L50, M|100/100\n|move|p2a: Greninja|Surf|p1a: Primarina\n|-resisted|p1a: Primarina|1\n|-damage|p1a: Primarina|75/100\n|\n|upkeep\n|turn|3\n|\n|t:|1777133394\n|switch|p2a: Floette|Floette-Eternal, L50, F|100/100\n|move|p1a: Primarina|Surf|p2a: Floette\n|-damage|p2a: Floette|61/100\n|\n|upkeep\n|turn|4\n|\n|t:|1777133403\n|detailschange|p2a: Floette|Floette-Mega, L50, F\n|-mega|p2a: Floette|Floette|Floettite\n|-ability|p2a: Floette|Fairy Aura\n|move|p2a: Floette|Light of Ruin|p1a: Primarina\n|-damage|p1a: Primarina|0 fnt\n|faint|p1a: Primarina\n|-damage|p2a: Floette|22/100|[from] Recoil\n|\n|upkeep\n|\n|t:|1777133414\n|switch|p1a: Aggron|Aggron-Mega, L50, M|61/100\n|turn|5\n|\n|t:|1777133422\n|move|p2a: Floette|Light of Ruin|p1a: Aggron|[miss]\n|-miss|p2a: Floette|p1a: Aggron\n|move|p1a: Aggron|Stealth Rock|p2a: Floette\n|-sidestart|p2: stlo15|move: Stealth Rock\n|\n|upkeep\n|turn|6\n|\n|t:|1777133428\n|move|p2a: Floette|Light of Ruin|p1a: Aggron\n|-resisted|p1a: Aggron|1\n|-damage|p1a: Aggron|14/100\n|-damage|p2a: Floette|0 fnt|[from] Recoil\n|faint|p2a: Floette\n|move|p1a: Aggron|Body Press|p2: Floette|[notarget]\n|-fail|p1a: Aggron\n|\n|upkeep\n|\n|t:|1777133436\n|switch|p2a: Aegislash|Aegislash, L50, F|100/100\n|-damage|p2a: Aegislash|94/100|[from] Stealth Rock\n|turn|7\n|\n|t:|1777133441\n|-formechange|p2a: Aegislash|Aegislash-Blade|\n|move|p2a: Aegislash|Poltergeist|p1a: Aggron\n|-activate|p1a: Aggron|move: Poltergeist|Aggronite\n|-damage|p1a: Aggron|0 fnt\n|faint|p1a: Aggron\n|\n|upkeep\n|\n|t:|1777133446\n|switch|p1a: Dragonite|Dragonite, L50, M|100/100\n|turn|8\n|\n|t:|1777133451\n|switch|p2a: Greninja|Greninja, L50, M|1/100\n|-damage|p2a: Greninja|0 fnt|[from] Stealth Rock\n|faint|p2a: Greninja\n|move|p1a: Dragonite|Fire Punch|p2: Greninja|[notarget]\n|-fail|p1a: Dragonite\n|\n|upkeep\n|\n|t:|1777133458\n|switch|p2a: Aegislash|Aegislash, L50, F|94/100\n|-damage|p2a: Aegislash|88/100|[from] Stealth Rock\n|turn|9\n|\n|t:|1777133462\n|move|p1a: Dragonite|Dragon Dance|p1a: Dragonite\n|-boost|p1a: Dragonite|atk|1\n|-boost|p1a: Dragonite|spe|1\n|-formechange|p2a: Aegislash|Aegislash-Blade|\n|move|p2a: Aegislash|Poltergeist|p1a: Dragonite\n|-activate|p1a: Dragonite|move: Poltergeist|Leftovers\n|-damage|p1a: Dragonite|57/100\n|\n|-heal|p1a: Dragonite|63/100|[from] item: Leftovers\n|upkeep\n|turn|10\n|\n|t:|1777133472\n|move|p1a: Dragonite|Fire Punch|p2a: Aegislash\n|-supereffective|p2a: Aegislash|1\n|-damage|p2a: Aegislash|0 fnt\n|faint|p2a: Aegislash\n|\n|win|zhiyongyici\n|raw|zhiyongyici's rating: 1298 &rarr; <strong>1324</strong><br />(+26 for winning)\n|raw|stlo15's rating: 1308 &rarr; <strong>1287</strong><br />(-21 for losing)\n|l|\u2606stlo15\n|player|p2|\n|l| SmallRay\n|j| SmallRay\n|l| SmallRay\n", "uploadtime": 1777133478, "views": 2, "formatid": "gen9championsbssregma", "rating": 1287, "private": 0, "password": null}