{"id": "gen9championsbssregma-2592780025", "format": "[Gen 9 Champions] BSS Reg M-A", "players": ["forker1112", "tawashi12"], "log": "|j|\u2606forker1112\n|j|\u2606tawashi12\n|t:|1777028475\n|gametype|singles\n|player|p1|forker1112|acetrainerf-gen4dp|1223\n|player|p2|tawashi12|170|1320\n|gen|9\n|tier|[Gen 9 Champions] BSS Reg M-A\n|rated|\n|rule|Species Clause: Limit one of each Pok\u00e9mon\n|rule|Item Clause: Limit 1 of each item\n|clearpoke\n|poke|p1|Victreebel, L50, M|\n|poke|p1|Garchomp, L50, M|\n|poke|p1|Samurott-Hisui, L50, F|\n|poke|p1|Floette-Eternal, L50, F|\n|poke|p1|Empoleon, L50, M|\n|poke|p1|Volcarona, L50, M|\n|poke|p2|Hippowdon, L50, F|\n|poke|p2|Lopunny, L50, F|\n|poke|p2|Goodra-Hisui, L50, F|\n|poke|p2|Basculegion, L50, M|\n|poke|p2|Hydreigon, L50, M|\n|poke|p2|Mimikyu, L50, M|\n|teampreview|3\n|inactive|Battle timer is ON: inactive players will automatically lose when time's up. (requested by tawashi12)\n|inactive|forker1112 has 60 seconds left.\n|inactive|tawashi12 has 60 seconds left.\n|inactive|tawashi12 has 30 seconds left.\n|inactive|tawashi12 has 20 seconds left.\n|\n|t:|1777028549\n|teamsize|p1|3\n|teamsize|p2|3\n|start\n|switch|p1a: Samurott|Samurott-Hisui, L50, F|100/100\n|switch|p2a: Basculegion|Basculegion, L50, M|100/100\n|turn|1\n|\n|t:|1777028556\n|move|p1a: Samurott|Ceaseless Edge|p2a: Basculegion\n|-supereffective|p2a: Basculegion|1\n|-damage|p2a: Basculegion|0 fnt\n|-sidestart|p2: tawashi12|Spikes\n|faint|p2a: Basculegion\n|\n|upkeep\n|\n|t:|1777028562\n|switch|p2a: Goodra|Goodra-Hisui, L50, F|100/100\n|-damage|p2a: Goodra|88/100|[from] Spikes\n|turn|2\n|\n|t:|1777028567\n|switch|p1a: Volcarona|Volcarona, L50, M|100/100\n|move|p2a: Goodra|Shelter|p2a: Goodra\n|-boost|p2a: Goodra|def|2\n|\n|-heal|p2a: Goodra|94/100|[from] item: Leftovers\n|upkeep\n|turn|3\n|\n|t:|1777028573\n|move|p1a: Volcarona|Quiver Dance|p1a: Volcarona\n|-boost|p1a: Volcarona|spa|1\n|-boost|p1a: Volcarona|spd|1\n|-boost|p1a: Volcarona|spe|1\n|move|p2a: Goodra|Shelter|p2a: Goodra\n|-boost|p2a: Goodra|def|2\n|\n|-heal|p2a: Goodra|99/100|[from] item: Leftovers\n|upkeep\n|turn|4\n|\n|t:|1777028576\n|move|p1a: Volcarona|Quiver Dance|p1a: Volcarona\n|-boost|p1a: Volcarona|spa|1\n|-boost|p1a: Volcarona|spd|1\n|-boost|p1a: Volcarona|spe|1\n|move|p2a: Goodra|Body Press|p1a: Volcarona\n|-resisted|p1a: Volcarona|1\n|-crit|p1a: Volcarona\n|-damage|p1a: Volcarona|30/100\n|-status|p2a: Goodra|brn|[from] ability: Flame Body|[of] p1a: Volcarona\n|-enditem|p1a: Volcarona|Sitrus Berry|[eat]\n|-heal|p1a: Volcarona|55/100|[from] item: Sitrus Berry\n|\n|-heal|p2a: Goodra|100/100 brn|[from] item: Leftovers\n|-damage|p2a: Goodra|95/100 brn|[from] brn\n|upkeep\n|turn|5\n|\n|t:|1777028580\n|move|p1a: Volcarona|Quiver Dance|p1a: Volcarona\n|-boost|p1a: Volcarona|spa|1\n|-boost|p1a: Volcarona|spd|1\n|-boost|p1a: Volcarona|spe|1\n|move|p2a: Goodra|Body Press|p1a: Volcarona\n|-resisted|p1a: Volcarona|1\n|-damage|p1a: Volcarona|29/100\n|\n|-heal|p2a: Goodra|100/100 brn|[from] item: Leftovers\n|-damage|p2a: Goodra|95/100 brn|[from] brn\n|upkeep\n|turn|6\n|\n|t:|1777028582\n|move|p1a: Volcarona|Fiery Dance|p2a: Goodra\n|-damage|p2a: Goodra|11/100 brn\n|-boost|p1a: Volcarona|spa|1\n|move|p2a: Goodra|Body Press|p1a: Volcarona\n|-resisted|p1a: Volcarona|1\n|-damage|p1a: Volcarona|3/100\n|\n|-heal|p2a: Goodra|17/100 brn|[from] item: Leftovers\n|-damage|p2a: Goodra|11/100 brn|[from] brn\n|upkeep\n|turn|7\n|\n|t:|1777028587\n|move|p1a: Volcarona|Fiery Dance|p2a: Goodra\n|-damage|p2a: Goodra|0 fnt\n|faint|p2a: Goodra\n|\n|upkeep\n|\n|t:|1777028589\n|switch|p2a: Lopunny|Lopunny, L50, F|100/100\n|-damage|p2a: Lopunny|89/100|[from] Spikes\n|turn|8\n|\n|t:|1777028593\n|detailschange|p2a: Lopunny|Lopunny-Mega, L50, F\n|-mega|p2a: Lopunny|Lopunny|Lopunnite\n|move|p2a: Lopunny|Fake Out|p1a: Volcarona\n|-damage|p1a: Volcarona|0 fnt\n|faint|p1a: Volcarona\n|\n|upkeep\n|\n|t:|1777028597\n|switch|p1a: Floette|Floette-Eternal, L50, F|100/100\n|turn|9\n|\n|t:|1777028600\n|detailschange|p1a: Floette|Floette-Mega, L50, F\n|-mega|p1a: Floette|Floette|Floettite\n|-ability|p1a: Floette|Fairy Aura\n|move|p2a: Lopunny|Giga Impact|p1a: Floette|[miss]\n|-miss|p2a: Lopunny|p1a: Floette\n|move|p1a: Floette|Light of Ruin|p2a: Lopunny\n|-supereffective|p2a: Lopunny|1\n|-damage|p2a: Lopunny|0 fnt\n|faint|p2a: Lopunny\n|-damage|p1a: Floette|66/100|[from] Recoil\n|\n|win|forker1112\n|raw|forker1112's rating: 1223 &rarr; <strong>1255</strong><br />(+32 for winning)\n|raw|tawashi12's rating: 1320 &rarr; <strong>1295</strong><br />(-25 for losing)\n|l|\u2606tawashi12\n|player|p2|\n", "uploadtime": 1777028610, "views": 10, "formatid": "gen9championsbssregma", "rating": 1255, "private": 0, "password": null}