{"id": "gen9championsbssregma-2591244974", "format": "[Gen 9 Champions] BSS Reg M-A", "players": ["Sn0rlaxmain", "hsju2015"], "log": "|j|\u2606Sn0rlaxmain\n|j|\u2606hsju2015\n|t:|1776883885\n|gametype|singles\n|player|p1|Sn0rlaxmain|101|1173\n|player|p2|hsju2015|101|1184\n|gen|9\n|tier|[Gen 9 Champions] BSS Reg M-A\n|rated|\n|rule|Species Clause: Limit one of each Pok\u00e9mon\n|rule|Item Clause: Limit 1 of each item\n|clearpoke\n|poke|p1|Victreebel, L50, M|\n|poke|p1|Garchomp, L50, F|\n|poke|p1|Aegislash, L50, F|\n|poke|p1|Clefable, L50, F|\n|poke|p1|Primarina, L50, F|\n|poke|p1|Glimmora, L50, M|\n|poke|p2|Aegislash, L50, M|\n|poke|p2|Garchomp, L50, F|\n|poke|p2|Charizard, L50, F|\n|poke|p2|Umbreon, L50, M|\n|poke|p2|Lucario, L50, M|\n|poke|p2|Primarina, L50, M|\n|teampreview|3\n|\n|t:|1776883904\n|teamsize|p1|3\n|teamsize|p2|3\n|start\n|switch|p1a: Garchomp|Garchomp, L50, F|100/100\n|switch|p2a: Primarina|Primarina, L50, M|100/100\n|turn|1\n|inactive|Battle timer is ON: inactive players will automatically lose when time's up. (requested by Sn0rlaxmain)\n|\n|t:|1776883909\n|move|p1a: Garchomp|Stealth Rock|p2a: Primarina\n|-sidestart|p2: hsju2015|move: Stealth Rock\n|move|p2a: Primarina|Ice Beam|p1a: Garchomp\n|-supereffective|p1a: Garchomp|2\n|-damage|p1a: Garchomp|0 fnt\n|faint|p1a: Garchomp\n|\n|upkeep\n|\n|t:|1776883913\n|switch|p1a: Glimmora|Glimmora, L50, M|100/100\n|turn|2\n|\n|t:|1776883917\n|detailschange|p1a: Glimmora|Glimmora-Mega, L50, M\n|-mega|p1a: Glimmora|Glimmora|Glimmoranite\n|move|p1a: Glimmora|Sludge Wave|p2a: Primarina\n|-supereffective|p2a: Primarina|1\n|-damage|p2a: Primarina|0 fnt\n|faint|p2a: Primarina\n|\n|upkeep\n|\n|t:|1776883923\n|switch|p2a: Aegislash|Aegislash, L50, M|100/100\n|-damage|p2a: Aegislash|95/100|[from] Stealth Rock\n|turn|3\n|\n|t:|1776883928\n|move|p1a: Glimmora|Earth Power|p2a: Aegislash\n|-supereffective|p2a: Aegislash|1\n|-crit|p2a: Aegislash\n|-damage|p2a: Aegislash|3/100\n|move|p2a: Aegislash|Swords Dance|p2a: Aegislash\n|-boost|p2a: Aegislash|atk|2\n|\n|upkeep\n|turn|4\n|\n|t:|1776883934\n|-formechange|p2a: Aegislash|Aegislash-Blade|\n|move|p2a: Aegislash|Shadow Sneak|p1a: Glimmora\n|-damage|p1a: Glimmora|41/100\n|move|p1a: Glimmora|Earth Power|p2a: Aegislash\n|-supereffective|p2a: Aegislash|1\n|-damage|p2a: Aegislash|0 fnt\n|faint|p2a: Aegislash\n|\n|upkeep\n|\n|t:|1776883937\n|switch|p2a: Charizard|Charizard, L50, F|100/100\n|-damage|p2a: Charizard|51/100|[from] Stealth Rock\n|turn|5\n|\n|t:|1776883941\n|detailschange|p2a: Charizard|Charizard-Mega-Y, L50, F\n|-mega|p2a: Charizard|Charizard|Charizardite Y\n|-weather|SunnyDay|[from] ability: Drought|[of] p2a: Charizard\n|move|p1a: Glimmora|Power Gem|p2a: Charizard\n|-supereffective|p2a: Charizard|2\n|-damage|p2a: Charizard|0 fnt\n|faint|p2a: Charizard\n|\n|win|Sn0rlaxmain\n|raw|Sn0rlaxmain's rating: 1173 &rarr; <strong>1199</strong><br />(+26 for winning)\n|raw|hsju2015's rating: 1184 &rarr; <strong>1158</strong><br />(-26 for losing)\n|l|\u2606hsju2015\n|player|p2|\n", "uploadtime": 1776883947, "views": 10, "formatid": "gen9championsbssregma", "rating": 1158, "private": 0, "password": null}