{"id": "gen9championsbssregma-2593567597", "format": "[Gen 9 Champions] BSS Reg M-A", "players": ["Duho", "OMP.s08"], "log": "|j|\u2606Duho\n|j|\u2606OMP.s08\n|t:|1777098066\n|gametype|singles\n|player|p1|Duho|whitney|1262\n|player|p2|OMP.s08|roxie|1368\n|gen|9\n|tier|[Gen 9 Champions] BSS Reg M-A\n|rated|\n|rule|Species Clause: Limit one of each Pok\u00e9mon\n|rule|Item Clause: Limit 1 of each item\n|clearpoke\n|poke|p1|Clefable, L50, F|\n|poke|p1|Tyranitar, L50, F|\n|poke|p1|Hydreigon, L50, M|\n|poke|p1|Mamoswine, L50, F|\n|poke|p1|Venusaur, L50, M|\n|poke|p1|Empoleon, L50, M|\n|poke|p2|Lopunny, L50, M|\n|poke|p2|Garchomp, L50, F|\n|poke|p2|Skeledirge, L50, M|\n|poke|p2|Greninja, L50, M|\n|poke|p2|Snorlax, L50, F|\n|poke|p2|Corviknight, L50, M|\n|teampreview|3\n|inactive|Battle timer is ON: inactive players will automatically lose when time's up. (requested by Duho)\n|\n|t:|1777098102\n|teamsize|p1|3\n|teamsize|p2|3\n|start\n|switch|p1a: Mamoswine|Mamoswine, L50, F|100/100\n|switch|p2a: Skeledirge|Skeledirge, L50, M|100/100\n|turn|1\n|inactive|Duho has 30 seconds left.\n|j| driflount drifloon\n|\n|t:|1777098130\n|move|p1a: Mamoswine|Earthquake|p2a: Skeledirge\n|-supereffective|p2a: Skeledirge|1\n|-enditem|p2a: Skeledirge|Shuca Berry|[eat]\n|-enditem|p2a: Skeledirge|Shuca Berry|[weaken]\n|-damage|p2a: Skeledirge|66/100\n|move|p2a: Skeledirge|Will-O-Wisp|p1a: Mamoswine\n|-status|p1a: Mamoswine|brn\n|\n|-damage|p1a: Mamoswine|95/100 brn|[from] brn\n|upkeep\n|turn|2\n|\n|t:|1777098143\n|move|p1a: Mamoswine|Earthquake|p2a: Skeledirge\n|-supereffective|p2a: Skeledirge|1\n|-damage|p2a: Skeledirge|35/100\n|move|p2a: Skeledirge|Slack Off|p2a: Skeledirge\n|-heal|p2a: Skeledirge|85/100\n|\n|-damage|p1a: Mamoswine|89/100 brn|[from] brn\n|upkeep\n|turn|3\n|\n|t:|1777098150\n|move|p1a: Mamoswine|Earthquake|p2a: Skeledirge\n|-supereffective|p2a: Skeledirge|1\n|-damage|p2a: Skeledirge|53/100\n|move|p2a: Skeledirge|Torch Song|p1a: Mamoswine\n|-supereffective|p1a: Mamoswine|1\n|-damage|p1a: Mamoswine|47/100 brn\n|-boost|p2a: Skeledirge|spa|1\n|\n|-damage|p1a: Mamoswine|41/100 brn|[from] brn\n|upkeep\n|turn|4\n|\n|t:|1777098155\n|move|p1a: Mamoswine|Earthquake|p2a: Skeledirge\n|-supereffective|p2a: Skeledirge|1\n|-damage|p2a: Skeledirge|19/100\n|move|p2a: Skeledirge|Slack Off|p2a: Skeledirge\n|-heal|p2a: Skeledirge|69/100\n|\n|-damage|p1a: Mamoswine|35/100 brn|[from] brn\n|upkeep\n|turn|5\n|\n|t:|1777098163\n|move|p1a: Mamoswine|Earthquake|p2a: Skeledirge\n|-supereffective|p2a: Skeledirge|1\n|-damage|p2a: Skeledirge|36/100\n|move|p2a: Skeledirge|Slack Off|p2a: Skeledirge\n|-heal|p2a: Skeledirge|86/100\n|\n|-damage|p1a: Mamoswine|29/100 brn|[from] brn\n|upkeep\n|turn|6\n|\n|t:|1777098165\n|move|p1a: Mamoswine|Earthquake|p2a: Skeledirge\n|-supereffective|p2a: Skeledirge|1\n|-damage|p2a: Skeledirge|56/100\n|move|p2a: Skeledirge|Torch Song|p1a: Mamoswine\n|-supereffective|p1a: Mamoswine|1\n|-damage|p1a: Mamoswine|0 fnt\n|-boost|p2a: Skeledirge|spa|1\n|faint|p1a: Mamoswine\n|\n|upkeep\n|\n|t:|1777098168\n|switch|p1a: Hydreigon|Hydreigon, L50, M|100/100\n|turn|7\n|\n|t:|1777098173\n|switch|p2a: Snorlax|Snorlax, L50, F|100/100\n|move|p1a: Hydreigon|Dark Pulse|p2a: Snorlax\n|-damage|p2a: Snorlax|77/100\n|\n|-heal|p2a: Snorlax|83/100|[from] item: Leftovers\n|upkeep\n|turn|8\n|inactive|OMP.s08 has 30 seconds left.\n|\n|t:|1777098201\n|switch|p1a: Clefable|Clefable, L50, F|100/100\n|move|p2a: Snorlax|Protect||[still]\n|-fail|p2a: Snorlax\n|\n|-heal|p2a: Snorlax|89/100|[from] item: Leftovers\n|upkeep\n|turn|9\n|\n|t:|1777098213\n|move|p1a: Clefable|Cosmic Power|p1a: Clefable\n|-boost|p1a: Clefable|def|1\n|-boost|p1a: Clefable|spd|1\n|move|p2a: Snorlax|Fissure|p1a: Clefable|[miss]\n|-miss|p2a: Snorlax|p1a: Clefable\n|\n|-heal|p2a: Snorlax|95/100|[from] item: Leftovers\n|upkeep\n|turn|10\n|\n|t:|1777098222\n|detailschange|p1a: Clefable|Clefable-Mega, L50, F\n|-mega|p1a: Clefable|Clefable|Clefablite\n|move|p1a: Clefable|Cosmic Power|p1a: Clefable\n|-boost|p1a: Clefable|def|1\n|-boost|p1a: Clefable|spd|1\n|move|p2a: Snorlax|Supercell Slam|p1a: Clefable\n|-supereffective|p1a: Clefable|1\n|-damage|p1a: Clefable|80/100\n|\n|-heal|p2a: Snorlax|100/100|[from] item: Leftovers\n|upkeep\n|turn|11\n|\n|t:|1777098236\n|switch|p2a: Skeledirge|Skeledirge, L50, M|56/100\n|move|p1a: Clefable|Cosmic Power|p1a: Clefable\n|-boost|p1a: Clefable|def|1\n|-boost|p1a: Clefable|spd|1\n|\n|upkeep\n|turn|12\n|\n|t:|1777098241\n|move|p1a: Clefable|Stored Power|p2a: Skeledirge\n|-damage|p2a: Skeledirge|11/100\n|move|p2a: Skeledirge|Slack Off|p2a: Skeledirge\n|-heal|p2a: Skeledirge|62/100\n|\n|upkeep\n|turn|13\n|\n|t:|1777098248\n|move|p1a: Clefable|Stored Power|p2a: Skeledirge\n|-crit|p2a: Skeledirge\n|-damage|p2a: Skeledirge|0 fnt\n|faint|p2a: Skeledirge\n|\n|upkeep\n|\n|t:|1777098251\n|switch|p2a: Lopunny|Lopunny, L50, M|100/100\n|turn|14\n|\n|t:|1777098262\n|detailschange|p2a: Lopunny|Lopunny-Mega, L50, M\n|-mega|p2a: Lopunny|Lopunny|Lopunnite\n|move|p2a: Lopunny|Fake Out|p1a: Clefable\n|-damage|p1a: Clefable|73/100\n|cant|p1a: Clefable|flinch\n|\n|upkeep\n|turn|15\n|\n|t:|1777098273\n|move|p2a: Lopunny|Triple Axel|p1a: Clefable\n|-supereffective|p1a: Clefable|1\n|-damage|p1a: Clefable|68/100\n|-supereffective|p1a: Clefable|1\n|-damage|p1a: Clefable|60/100\n|-supereffective|p1a: Clefable|1\n|-damage|p1a: Clefable|49/100\n|-hitcount|p1a: Clefable|3\n|move|p1a: Clefable|Moonlight|p1a: Clefable\n|-heal|p1a: Clefable|99/100\n|\n|upkeep\n|turn|16\n|\n|t:|1777098283\n|move|p2a: Lopunny|Triple Axel|p1a: Clefable\n|-supereffective|p1a: Clefable|1\n|-damage|p1a: Clefable|94/100\n|-supereffective|p1a: Clefable|1\n|-damage|p1a: Clefable|85/100\n|-supereffective|p1a: Clefable|1\n|-damage|p1a: Clefable|74/100\n|-hitcount|p1a: Clefable|3\n|move|p1a: Clefable|Moonblast|p2a: Lopunny\n|-supereffective|p2a: Lopunny|1\n|-damage|p2a: Lopunny|0 fnt\n|faint|p2a: Lopunny\n|\n|upkeep\n|-message|OMP.s08 forfeited.\n|\n|win|Duho\n|raw|Duho's rating: 1262 &rarr; <strong>1294</strong><br />(+32 for winning)\n|raw|OMP.s08's rating: 1368 &rarr; <strong>1342</strong><br />(-26 for losing)\n|l|\u2606OMP.s08\n|player|p2|\n|l|\u2606Duho\n|player|p1|\n", "uploadtime": 1777098299, "views": 5, "formatid": "gen9championsbssregma", "rating": 1294, "private": 0, "password": null}