{"id": "gen9championsbssregma-2592810858", "format": "[Gen 9 Champions] BSS Reg M-A", "players": ["sakura-hirahira", "forker1112"], "log": "|j|\u2606sakura-hirahira\n|j|\u2606forker1112\n|t:|1777031673\n|gametype|singles\n|player|p1|sakura-hirahira|2|1257\n|player|p2|forker1112|acetrainerf-gen4dp|1255\n|gen|9\n|tier|[Gen 9 Champions] BSS Reg M-A\n|rated|\n|rule|Species Clause: Limit one of each Pok\u00e9mon\n|rule|Item Clause: Limit 1 of each item\n|clearpoke\n|poke|p1|Pelipper, L50, M|\n|poke|p1|Starmie, L50|\n|poke|p1|Archaludon, L50, F|\n|poke|p1|Garchomp, L50, M|\n|poke|p1|Kingambit, L50, F|\n|poke|p1|Conkeldurr, L50, F|\n|poke|p2|Victreebel, L50, M|\n|poke|p2|Garchomp, L50, M|\n|poke|p2|Samurott-Hisui, L50, M|\n|poke|p2|Floette-Eternal, L50, F|\n|poke|p2|Empoleon, L50, F|\n|poke|p2|Volcarona, L50, M|\n|teampreview|3\n|\n|t:|1777031698\n|teamsize|p1|3\n|teamsize|p2|3\n|start\n|switch|p1a: Conkeldurr|Conkeldurr, L50, F|100/100\n|switch|p2a: Samurott|Samurott-Hisui, L50, M|100/100\n|turn|1\n|\n|t:|1777031707\n|move|p2a: Samurott|Flip Turn|p1a: Conkeldurr\n|-damage|p1a: Conkeldurr|69/100\n|\n|t:|1777031725\n|switch|p2a: Victreebel|Victreebel, L50, M|100/100|[from] Flip Turn\n|move|p1a: Conkeldurr|Bulk Up|p1a: Conkeldurr\n|-boost|p1a: Conkeldurr|atk|1\n|-boost|p1a: Conkeldurr|def|1\n|\n|upkeep\n|turn|2\n|\n|t:|1777031732\n|detailschange|p2a: Victreebel|Victreebel-Mega, L50, M\n|-mega|p2a: Victreebel|Victreebel|Victreebelite\n|move|p2a: Victreebel|Swords Dance|p2a: Victreebel\n|-boost|p2a: Victreebel|atk|2\n|move|p1a: Conkeldurr|Drain Punch|p2a: Victreebel\n|-resisted|p2a: Victreebel|1\n|-damage|p2a: Victreebel|50/100\n|-heal|p1a: Conkeldurr|95/100|[from] drain|[of] p2a: Victreebel\n|\n|upkeep\n|turn|3\n|\n|t:|1777031741\n|move|p2a: Victreebel|Strength Sap|p1a: Conkeldurr\n|-unboost|p1a: Conkeldurr|atk|1\n|-heal|p2a: Victreebel|100/100\n|move|p1a: Conkeldurr|Drain Punch|p2a: Victreebel\n|-resisted|p2a: Victreebel|1\n|-damage|p2a: Victreebel|64/100\n|-heal|p1a: Conkeldurr|100/100|[from] drain|[of] p2a: Victreebel\n|\n|upkeep\n|turn|4\n|\n|t:|1777031750\n|switch|p1a: Pelipper|Pelipper, L50, M|100/100\n|-weather|RainDance|[from] ability: Drizzle|[of] p1a: Pelipper\n|move|p2a: Victreebel|Swords Dance|p2a: Victreebel\n|-boost|p2a: Victreebel|atk|2\n|\n|-weather|RainDance|[upkeep]\n|upkeep\n|turn|5\n|\n|t:|1777031759\n|move|p2a: Victreebel|Power Whip|p1a: Pelipper\n|-damage|p1a: Pelipper|0 fnt\n|faint|p1a: Pelipper\n|\n|-weather|RainDance|[upkeep]\n|upkeep\n|\n|t:|1777031765\n|switch|p1a: Starmie|Starmie, L50|100/100\n|turn|6\n|\n|t:|1777031768\n|detailschange|p1a: Starmie|Starmie-Mega, L50\n|-mega|p1a: Starmie|Starmie|Starminite\n|move|p2a: Victreebel|Sucker Punch|p1a: Starmie\n|-supereffective|p1a: Starmie|1\n|-damage|p1a: Starmie|0 fnt\n|faint|p1a: Starmie\n|\n|-weather|RainDance|[upkeep]\n|upkeep\n|-message|sakura-hirahira forfeited.\n|\n|win|forker1112\n|raw|sakura-hirahira's rating: 1257 &rarr; <strong>1232</strong><br />(-25 for losing)\n|raw|forker1112's rating: 1255 &rarr; <strong>1280</strong><br />(+25 for winning)\n|l|\u2606sakura-hirahira\n|player|p1|\n", "uploadtime": 1777031776, "views": 18, "formatid": "gen9championsbssregma", "rating": 1232, "private": 0, "password": null}