{"id": "gen9championsbssregma-2590414957", "format": "[Gen 9 Champions] BSS Reg M-A", "players": ["cumdoy", "hijanu"], "log": "|j|\u2606cumdoy\n|j|\u2606hijanu\n|t:|1776807883\n|gametype|singles\n|player|p1|cumdoy|clay|1232\n|player|p2|hijanu|hilbert|1152\n|gen|9\n|tier|[Gen 9 Champions] BSS Reg M-A\n|rated|\n|rule|Species Clause: Limit one of each Pok\u00e9mon\n|rule|Item Clause: Limit 1 of each item\n|clearpoke\n|poke|p1|Aegislash, L50, F|\n|poke|p1|Garchomp, L50, F|\n|poke|p1|Hippowdon, L50, F|\n|poke|p1|Charizard, L50, M|\n|poke|p1|Primarina, L50, F|\n|poke|p1|Starmie, L50|\n|poke|p2|Ceruledge, L50, F, shiny|\n|poke|p2|Rotom-Wash, L50, shiny|\n|poke|p2|Torterra, L50, F, shiny|\n|poke|p2|Archaludon, L50, M|\n|poke|p2|Slowking-Galar, L50, F, shiny|\n|poke|p2|Hydreigon, L50, M|\n|teampreview|3\n|\n|t:|1776807920\n|teamsize|p1|3\n|teamsize|p2|3\n|start\n|switch|p1a: Starmie|Starmie, L50|100/100\n|switch|p2a: Rotom|Rotom-Wash, L50, shiny|100/100\n|turn|1\n|\n|t:|1776807929\n|detailschange|p1a: Starmie|Starmie-Mega, L50\n|-mega|p1a: Starmie|Starmie|Starminite\n|move|p1a: Starmie|Flip Turn|p2a: Rotom\n|-resisted|p2a: Rotom|1\n|-damage|p2a: Rotom|62/100\n|\n|t:|1776807933\n|switch|p1a: Aegislash|Aegislash, L50, F|100/100|[from] Flip Turn\n|move|p2a: Rotom|Will-O-Wisp|p1a: Aegislash\n|-status|p1a: Aegislash|brn\n|\n|-damage|p1a: Aegislash|95/100 brn|[from] brn\n|upkeep\n|turn|2\n|\n|t:|1776807950\n|move|p2a: Rotom|Dark Pulse|p1a: Aegislash\n|-supereffective|p1a: Aegislash|1\n|-damage|p1a: Aegislash|55/100 brn\n|-formechange|p1a: Aegislash|Aegislash-Blade|\n|move|p1a: Aegislash|Shadow Ball|p2a: Rotom\n|-damage|p2a: Rotom|0 fnt\n|faint|p2a: Rotom\n|\n|-damage|p1a: Aegislash|49/100 brn|[from] brn\n|upkeep\n|\n|t:|1776807967\n|switch|p2a: Archaludon|Archaludon, L50, M|100/100\n|turn|3\n|\n|t:|1776807977\n|move|p1a: Aegislash|Shadow Ball|p2a: Archaludon\n|-damage|p2a: Archaludon|39/100\n|-ability|p2a: Archaludon|Stamina|boost\n|-boost|p2a: Archaludon|def|1\n|move|p2a: Archaludon|Roar|p1a: Aegislash\n|drag|p1a: Starmie|Starmie-Mega, L50|100/100\n|\n|-heal|p2a: Archaludon|45/100|[from] item: Leftovers\n|upkeep\n|turn|4\n|\n|t:|1776807988\n|move|p2a: Archaludon|Protect|p2a: Archaludon\n|-singleturn|p2a: Archaludon|Protect\n|move|p1a: Starmie|Ice Spinner|p2a: Archaludon\n|-activate|p2a: Archaludon|move: Protect\n|\n|-heal|p2a: Archaludon|51/100|[from] item: Leftovers\n|upkeep\n|turn|5\n|\n|t:|1776808002\n|switch|p1a: Garchomp|Garchomp, L50, F|100/100\n|move|p2a: Archaludon|Dragon Pulse|p1a: Garchomp\n|-supereffective|p1a: Garchomp|1\n|-damage|p1a: Garchomp|0 fnt\n|faint|p1a: Garchomp\n|\n|-heal|p2a: Archaludon|57/100|[from] item: Leftovers\n|upkeep\n|c|\u2606cumdoy|welp\n|\n|t:|1776808010\n|switch|p1a: Aegislash|Aegislash, L50, F|49/100 brn\n|turn|6\n|\n|t:|1776808019\n|move|p2a: Archaludon|Protect|p2a: Archaludon\n|-singleturn|p2a: Archaludon|Protect\n|-formechange|p1a: Aegislash|Aegislash-Blade|\n|move|p1a: Aegislash|Shadow Ball|p2a: Archaludon\n|-activate|p2a: Archaludon|move: Protect\n|\n|-heal|p2a: Archaludon|63/100|[from] item: Leftovers\n|-damage|p1a: Aegislash|43/100 brn|[from] brn\n|upkeep\n|turn|7\n|\n|t:|1776808035\n|move|p2a: Archaludon|Steel Beam|p1a: Aegislash\n|-resisted|p1a: Aegislash|1\n|-damage|p1a: Aegislash|0 fnt\n|-damage|p2a: Archaludon|13/100|[from] steelbeam\n|faint|p1a: Aegislash\n|\n|-heal|p2a: Archaludon|19/100|[from] item: Leftovers\n|upkeep\n|\n|t:|1776808042\n|switch|p1a: Starmie|Starmie-Mega, L50|100/100\n|turn|8\n|\n|t:|1776808048\n|move|p2a: Archaludon|Protect|p2a: Archaludon\n|-singleturn|p2a: Archaludon|Protect\n|move|p1a: Starmie|Ice Spinner|p2a: Archaludon\n|-activate|p2a: Archaludon|move: Protect\n|\n|-heal|p2a: Archaludon|25/100|[from] item: Leftovers\n|upkeep\n|turn|9\n|\n|t:|1776808056\n|move|p1a: Starmie|Ice Spinner|p2a: Archaludon\n|-damage|p2a: Archaludon|0 fnt\n|faint|p2a: Archaludon\n|\n|upkeep\n|\n|t:|1776808061\n|switch|p2a: Slowking|Slowking-Galar, L50, F, shiny|100/100\n|turn|10\n|\n|t:|1776808069\n|move|p1a: Starmie|Liquidation|p2a: Slowking\n|-crit|p2a: Slowking\n|-damage|p2a: Slowking|0 fnt\n|faint|p2a: Slowking\n|\n|win|cumdoy\n|raw|cumdoy's rating: 1232 &rarr; <strong>1251</strong><br />(+19 for winning)\n|raw|hijanu's rating: 1152 &rarr; <strong>1133</strong><br />(-19 for losing)\n|c|\u2606cumdoy|lucky crit gg\n", "uploadtime": 1776808077, "views": 8, "formatid": "gen9championsbssregma", "rating": 1133, "private": 0, "password": null}