{"id": "gen9championsbssregma-2590440374", "format": "[Gen 9 Champions] BSS Reg M-A", "players": ["Sad Avacado", "ken1opoke"], "log": "|j|\u2606Sad Avacado\n|j|\u2606ken1opoke\n|t:|1776809989\n|gametype|singles\n|player|p1|Sad Avacado|swimmerf|1266\n|player|p2|ken1opoke|170|1430\n|gen|9\n|tier|[Gen 9 Champions] BSS Reg M-A\n|rated|\n|rule|Species Clause: Limit one of each Pok\u00e9mon\n|rule|Item Clause: Limit 1 of each item\n|clearpoke\n|poke|p1|Dragonite, L50, M, shiny|\n|poke|p1|Aegislash, L50, M, shiny|\n|poke|p1|Meganium, L50, F|\n|poke|p1|Espathra, L50, M, shiny|\n|poke|p1|Weavile, L50, F|\n|poke|p1|Kleavor, L50, M|\n|poke|p2|Kangaskhan, L50, F|\n|poke|p2|Volcarona, L50, F|\n|poke|p2|Primarina, L50, F|\n|poke|p2|Garchomp, L50, F|\n|poke|p2|Corviknight, L50, M|\n|poke|p2|Gengar, L50, M|\n|teampreview|3\n|inactive|Battle timer is ON: inactive players will automatically lose when time's up. (requested by Sad Avacado)\n|inactive|ken1opoke has 60 seconds left.\n|\n|t:|1776810029\n|teamsize|p1|3\n|teamsize|p2|3\n|start\n|switch|p1a: Kleavor|Kleavor, L50, M|100/100\n|switch|p2a: Gengar|Gengar, L50, M|100/100\n|turn|1\n|\n|t:|1776810042\n|detailschange|p2a: Gengar|Gengar-Mega, L50, M\n|-mega|p2a: Gengar|Gengar|Gengarite\n|move|p2a: Gengar|Perish Song|p2a: Gengar\n|-start|p1a: Kleavor|perish3|[silent]\n|-start|p2a: Gengar|perish3|[silent]\n|-fieldactivate|move: Perish Song\n|move|p1a: Kleavor|Stone Axe|p2a: Gengar\n|-damage|p2a: Gengar|30/100\n|-sidestart|p2: ken1opoke|move: Stealth Rock\n|\n|-start|p2a: Gengar|perish3\n|-start|p1a: Kleavor|perish3\n|upkeep\n|turn|2\n|\n|t:|1776810064\n|move|p2a: Gengar|Protect|p2a: Gengar\n|-singleturn|p2a: Gengar|Protect\n|move|p1a: Kleavor|Night Slash|p2a: Gengar\n|-activate|p2a: Gengar|move: Protect\n|\n|-start|p2a: Gengar|perish2\n|-start|p1a: Kleavor|perish2\n|upkeep\n|turn|3\n|\n|t:|1776810074\n|move|p2a: Gengar|Substitute|p2a: Gengar\n|-start|p2a: Gengar|Substitute\n|-damage|p2a: Gengar|6/100\n|move|p1a: Kleavor|Stone Axe|p2a: Gengar\n|-end|p2a: Gengar|Substitute\n|\n|-start|p2a: Gengar|perish1\n|-start|p1a: Kleavor|perish1\n|upkeep\n|turn|4\n|\n|t:|1776810082\n|switch|p2a: Garchomp|Garchomp, L50, F|100/100\n|-damage|p2a: Garchomp|95/100|[from] Stealth Rock\n|move|p1a: Kleavor|Stone Axe|p2a: Garchomp\n|-resisted|p2a: Garchomp|1\n|-damage|p2a: Garchomp|68/100\n|-damage|p1a: Kleavor|88/100|[from] ability: Rough Skin|[of] p2a: Garchomp\n|\n|-start|p1a: Kleavor|perish0\n|upkeep\n|faint|p1a: Kleavor\n|\n|t:|1776810094\n|switch|p1a: Espathra|Espathra, L50, M, shiny|100/100\n|turn|5\n|\n|t:|1776810104\n|move|p2a: Garchomp|Outrage|p1a: Espathra\n|-damage|p1a: Espathra|18/100\n|move|p1a: Espathra|Lumina Crash|p2a: Garchomp\n|-damage|p2a: Garchomp|35/100\n|-unboost|p2a: Garchomp|spd|2\n|\n|-ability|p1a: Espathra|Speed Boost|boost\n|-boost|p1a: Espathra|spe|1\n|upkeep\n|turn|6\n|\n|t:|1776810109\n|move|p1a: Espathra|Protect|p1a: Espathra\n|-singleturn|p1a: Espathra|Protect\n|move|p2a: Garchomp|Outrage|p1a: Espathra|[from] lockedmove\n|-activate|p1a: Espathra|move: Protect\n|\n|-ability|p1a: Espathra|Speed Boost|boost\n|-boost|p1a: Espathra|spe|1\n|upkeep\n|turn|7\n|\n|t:|1776810120\n|move|p1a: Espathra|Lumina Crash|p2a: Garchomp\n|-damage|p2a: Garchomp|0 fnt\n|faint|p2a: Garchomp\n|\n|-ability|p1a: Espathra|Speed Boost|boost\n|-boost|p1a: Espathra|spe|1\n|upkeep\n|\n|t:|1776810127\n|switch|p2a: Gengar|Gengar-Mega, L50, M|6/100\n|-damage|p2a: Gengar|0 fnt|[from] Stealth Rock\n|faint|p2a: Gengar\n|\n|t:|1776810129\n|switch|p2a: Volcarona|Volcarona, L50, F|100/100\n|-damage|p2a: Volcarona|51/100|[from] Stealth Rock\n|turn|8\n|\n|t:|1776810143\n|move|p1a: Espathra|Lumina Crash|p2a: Volcarona\n|-damage|p2a: Volcarona|25/100\n|-unboost|p2a: Volcarona|spd|2\n|-enditem|p2a: Volcarona|Sitrus Berry|[eat]\n|-heal|p2a: Volcarona|50/100|[from] item: Sitrus Berry\n|move|p2a: Volcarona|Fiery Dance|p1a: Espathra\n|-damage|p1a: Espathra|0 fnt\n|-boost|p2a: Volcarona|spa|1\n|faint|p1a: Espathra\n|\n|upkeep\n|\n|t:|1776810146\n|switch|p1a: Dragonite|Dragonite, L50, M, shiny|100/100\n|turn|9\n|\n|t:|1776810154\n|detailschange|p1a: Dragonite|Dragonite-Mega, L50, M, shiny\n|-mega|p1a: Dragonite|Dragonite|Dragoninite\n|move|p2a: Volcarona|Fiery Dance|p1a: Dragonite\n|-resisted|p1a: Dragonite|1\n|-damage|p1a: Dragonite|90/100\n|-boost|p2a: Volcarona|spa|1\n|move|p1a: Dragonite|Draco Meteor|p2a: Volcarona|[miss]\n|-miss|p1a: Dragonite|p2a: Volcarona\n|\n|upkeep\n|turn|10\n|\n|t:|1776810159\n|move|p2a: Volcarona|Morning Sun|p2a: Volcarona\n|-heal|p2a: Volcarona|99/100\n|move|p1a: Dragonite|Draco Meteor|p2a: Volcarona\n|-damage|p2a: Volcarona|0 fnt\n|-unboost|p1a: Dragonite|spa|2\n|faint|p2a: Volcarona\n|\n|win|Sad Avacado\n|raw|Sad Avacado's rating: 1266 &rarr; <strong>1302</strong><br />(+36 for winning)\n|raw|ken1opoke's rating: 1430 &rarr; <strong>1401</strong><br />(-29 for losing)\n|l|\u2606ken1opoke\n|player|p2|\n", "uploadtime": 1776810184, "views": 2, "formatid": "gen9championsbssregma", "rating": 1302, "private": 0, "password": null}