{"id": "gen9championsbssregma-2589664571", "format": "[Gen 9 Champions] BSS Reg M-A", "players": ["Fsief", "lligand"], "log": "|j|\u2606Fsief\n|j|\u2606lligand\n|t:|1776744629\n|gametype|singles\n|player|p1|Fsief|101|1398\n|player|p2|lligand|2|1410\n|gen|9\n|tier|[Gen 9 Champions] BSS Reg M-A\n|rated|\n|rule|Species Clause: Limit one of each Pok\u00e9mon\n|rule|Item Clause: Limit 1 of each item\n|clearpoke\n|poke|p1|Zoroark-Hisui, L50, M|\n|poke|p1|Scizor, L50, M|\n|poke|p1|Primarina, L50, F, shiny|\n|poke|p1|Dragonite, L50, M|\n|poke|p1|Hippowdon, L50, M|\n|poke|p1|Rotom-Wash, L50|\n|poke|p2|Dragapult, L50, F|\n|poke|p2|Venusaur, L50, F|\n|poke|p2|Corviknight, L50, M|\n|poke|p2|Hydreigon, L50, M|\n|poke|p2|Milotic, L50, M|\n|poke|p2|Manectric, L50, F|\n|teampreview|3\n|inactive|Battle timer is ON: inactive players will automatically lose when time's up. (requested by lligand)\n|j| p74\n|inactive|Fsief has 60 seconds left.\n|\n|t:|1776744687\n|teamsize|p1|3\n|teamsize|p2|3\n|start\n|switch|p1a: Primarina|Primarina, L50, F, shiny|100/100\n|switch|p2a: Venusaur|Venusaur, L50, F|100/100\n|turn|1\n|\n|t:|1776744694\n|switch|p1a: Scizor|Scizor, L50, M|100/100\n|detailschange|p2a: Venusaur|Venusaur-Mega, L50, F\n|-mega|p2a: Venusaur|Venusaur|Venusaurite\n|move|p2a: Venusaur|Giga Drain|p1a: Scizor\n|-resisted|p1a: Scizor|2\n|-damage|p1a: Scizor|89/100\n|\n|upkeep\n|turn|2\n|\n|t:|1776744701\n|switch|p2a: Corviknight|Corviknight, L50, M|100/100\n|-ability|p2a: Corviknight|Pressure\n|detailschange|p1a: Scizor|Scizor-Mega, L50, M\n|-mega|p1a: Scizor|Scizor|Scizorite\n|move|p1a: Scizor|Swords Dance|p1a: Scizor\n|-boost|p1a: Scizor|atk|2\n|\n|upkeep\n|turn|3\n|\n|t:|1776744709\n|move|p1a: Scizor|Close Combat|p2a: Corviknight\n|-damage|p2a: Corviknight|38/100\n|-unboost|p1a: Scizor|def|1\n|-unboost|p1a: Scizor|spd|1\n|move|p2a: Corviknight|Iron Defense|p2a: Corviknight\n|-boost|p2a: Corviknight|def|2\n|\n|-heal|p2a: Corviknight|45/100|[from] item: Leftovers\n|upkeep\n|turn|4\n|\n|t:|1776744715\n|switch|p1a: Rotom|Rotom-Wash, L50|100/100\n|move|p2a: Corviknight|Body Press|p1a: Rotom\n|-damage|p1a: Rotom|57/100\n|\n|-heal|p2a: Corviknight|51/100|[from] item: Leftovers\n|upkeep\n|turn|5\n|\n|t:|1776744724\n|switch|p2a: Venusaur|Venusaur-Mega, L50, F|100/100\n|move|p1a: Rotom|Volt Switch|p2a: Venusaur\n|-resisted|p2a: Venusaur|1\n|-damage|p2a: Venusaur|88/100\n|\n|t:|1776744726\n|switch|p1a: Scizor|Scizor-Mega, L50, M|89/100|[from] Volt Switch\n|\n|upkeep\n|turn|6\n|\n|t:|1776744732\n|move|p2a: Venusaur|Earth Power|p1a: Scizor\n|-damage|p1a: Scizor|60/100\n|move|p1a: Scizor|Swords Dance|p1a: Scizor\n|-boost|p1a: Scizor|atk|2\n|\n|upkeep\n|turn|7\n|\n|t:|1776744735\n|move|p2a: Venusaur|Earth Power|p1a: Scizor\n|-damage|p1a: Scizor|30/100\n|move|p1a: Scizor|Roost|p1a: Scizor\n|-heal|p1a: Scizor|81/100\n|-singleturn|p1a: Scizor|move: Roost\n|\n|upkeep\n|turn|8\n|\n|t:|1776744740\n|move|p2a: Venusaur|Leech Seed|p1a: Scizor\n|-start|p1a: Scizor|move: Leech Seed\n|move|p1a: Scizor|Swords Dance|p1a: Scizor\n|-boost|p1a: Scizor|atk|2\n|\n|-damage|p1a: Scizor|68/100|[from] Leech Seed|[of] p2a: Venusaur\n|-heal|p2a: Venusaur|99/100|[silent]\n|upkeep\n|turn|9\n|\n|t:|1776744744\n|move|p2a: Venusaur|Earth Power|p1a: Scizor\n|-damage|p1a: Scizor|38/100\n|move|p1a: Scizor|Roost|p1a: Scizor\n|-heal|p1a: Scizor|88/100\n|-singleturn|p1a: Scizor|move: Roost\n|\n|-damage|p1a: Scizor|76/100|[from] Leech Seed|[of] p2a: Venusaur\n|-heal|p2a: Venusaur|100/100|[silent]\n|upkeep\n|turn|10\n|\n|t:|1776744750\n|move|p1a: Scizor|Bullet Punch|p2a: Venusaur\n|-damage|p2a: Venusaur|7/100\n|move|p2a: Venusaur|Earth Power|p1a: Scizor\n|-damage|p1a: Scizor|46/100\n|\n|-damage|p1a: Scizor|34/100|[from] Leech Seed|[of] p2a: Venusaur\n|-heal|p2a: Venusaur|19/100|[silent]\n|upkeep\n|turn|11\n|\n|t:|1776744760\n|move|p1a: Scizor|Bullet Punch|p2a: Venusaur\n|-damage|p2a: Venusaur|0 fnt\n|faint|p2a: Venusaur\n|\n|upkeep\n|\n|t:|1776744762\n|switch|p2a: Milotic|Milotic, L50, M|100/100\n|turn|12\n|\n|t:|1776744765\n|move|p2a: Milotic|Scald|p1a: Scizor\n|-damage|p1a: Scizor|10/100\n|-status|p1a: Scizor|brn\n|move|p1a: Scizor|Close Combat|p2a: Milotic\n|-damage|p2a: Milotic|34/100\n|-unboost|p1a: Scizor|def|1\n|-unboost|p1a: Scizor|spd|1\n|-enditem|p2a: Milotic|Sitrus Berry|[eat]\n|-heal|p2a: Milotic|59/100|[from] item: Sitrus Berry\n|\n|-damage|p1a: Scizor|0 fnt|[from] Leech Seed|[of] p2a: Milotic\n|-heal|p2a: Milotic|67/100|[silent]\n|faint|p1a: Scizor\n|upkeep\n|\n|t:|1776744770\n|switch|p1a: Primarina|Primarina, L50, F, shiny|100/100\n|turn|13\n|\n|t:|1776744775\n|move|p1a: Primarina|Moonblast|p2a: Milotic\n|-damage|p2a: Milotic|40/100\n|move|p2a: Milotic|Mirror Coat|p1a: Primarina\n|-damage|p1a: Primarina|41/100\n|\n|upkeep\n|turn|14\n|\n|t:|1776744781\n|move|p2a: Milotic|Recover|p2a: Milotic\n|-heal|p2a: Milotic|90/100\n|move|p1a: Primarina|Moonblast|p2a: Milotic\n|-damage|p2a: Milotic|63/100\n|\n|upkeep\n|turn|15\n|\n|t:|1776744785\n|switch|p1a: Rotom|Rotom-Wash, L50|57/100\n|move|p2a: Milotic|Mirror Coat||[still]\n|-fail|p2a: Milotic\n|\n|upkeep\n|turn|16\n|\n|t:|1776744791\n|move|p1a: Rotom|Volt Switch|p2a: Milotic\n|-supereffective|p2a: Milotic|1\n|-damage|p2a: Milotic|27/100\n|\n|t:|1776744793\n|switch|p1a: Primarina|Primarina, L50, F, shiny|41/100|[from] Volt Switch\n|move|p2a: Milotic|Mirror Coat|p1a: Primarina\n|-damage|p1a: Primarina|0 fnt\n|faint|p1a: Primarina\n|\n|upkeep\n|\n|t:|1776744794\n|switch|p1a: Rotom|Rotom-Wash, L50|57/100\n|turn|17\n|\n|t:|1776744798\n|move|p1a: Rotom|Thunderbolt|p2a: Milotic\n|-supereffective|p2a: Milotic|1\n|-damage|p2a: Milotic|0 fnt\n|faint|p2a: Milotic\n|\n|upkeep\n|\n|t:|1776744800\n|switch|p2a: Corviknight|Corviknight, L50, M|51/100\n|-ability|p2a: Corviknight|Pressure\n|turn|18\n|\n|t:|1776744803\n|move|p1a: Rotom|Thunderbolt|p2a: Corviknight\n|-supereffective|p2a: Corviknight|1\n|-damage|p2a: Corviknight|0 fnt\n|faint|p2a: Corviknight\n|\n|win|Fsief\n|raw|Fsief's rating: 1398 &rarr; <strong>1419</strong><br />(+21 for winning)\n|raw|lligand's rating: 1410 &rarr; <strong>1389</strong><br />(-21 for losing)\n|l|\u2606lligand\n|player|p2|\n|l|\u2606Fsief\n|player|p1|\n", "uploadtime": 1776744924, "views": 2, "formatid": "gen9championsbssregma", "rating": 1389, "private": 0, "password": null}