{"id": "gen9championsbssregma-2589728257", "format": "[Gen 9 Champions] BSS Reg M-A", "players": ["bsantoso", "KevMev"], "log": "|j|\u2606bsantoso\n|j|\u2606KevMev\n|t:|1776752659\n|gametype|singles\n|player|p1|bsantoso|miku-fairy|1315\n|player|p2|KevMev|waiter-gen4|1352\n|gen|9\n|tier|[Gen 9 Champions] BSS Reg M-A\n|rated|\n|rule|Species Clause: Limit one of each Pok\u00e9mon\n|rule|Item Clause: Limit 1 of each item\n|clearpoke\n|poke|p1|Archaludon, L50, M|\n|poke|p1|Espathra, L50, F|\n|poke|p1|Chimecho, L50, F|\n|poke|p1|Garchomp, L50, M|\n|poke|p1|Lopunny, L50, F|\n|poke|p1|Delphox, L50, F|\n|poke|p2|Floette-Eternal, L50, F|\n|poke|p2|Archaludon, L50, M, shiny|\n|poke|p2|Gyarados, L50, F, shiny|\n|poke|p2|Mimikyu, L50, M|\n|poke|p2|Hydreigon, L50, F|\n|poke|p2|Sneasler, L50, F, shiny|\n|teampreview|3\n|\n|t:|1776752699\n|teamsize|p1|3\n|teamsize|p2|3\n|start\n|switch|p1a: Espathra|Espathra, L50, F|100/100\n|switch|p2a: Hydreigon|Hydreigon, L50, F|100/100\n|turn|1\n|\n|t:|1776752714\n|move|p1a: Espathra|Protect|p1a: Espathra\n|-singleturn|p1a: Espathra|Protect\n|move|p2a: Hydreigon|Dark Pulse|p1a: Espathra\n|-activate|p1a: Espathra|move: Protect\n|\n|-ability|p1a: Espathra|Speed Boost|boost\n|-boost|p1a: Espathra|spe|1\n|upkeep\n|turn|2\n|\n|t:|1776752717\n|move|p1a: Espathra|Calm Mind|p1a: Espathra\n|-boost|p1a: Espathra|spa|1\n|-boost|p1a: Espathra|spd|1\n|move|p2a: Hydreigon|Dark Pulse|p1a: Espathra\n|-supereffective|p1a: Espathra|1\n|-damage|p1a: Espathra|26/100\n|\n|-ability|p1a: Espathra|Speed Boost|boost\n|-boost|p1a: Espathra|spe|1\n|upkeep\n|turn|3\n|inactive|Battle timer is ON: inactive players will automatically lose when time's up. (requested by bsantoso)\n|\n|t:|1776752753\n|move|p1a: Espathra|Protect|p1a: Espathra\n|-singleturn|p1a: Espathra|Protect\n|move|p2a: Hydreigon|Dark Pulse|p1a: Espathra\n|-activate|p1a: Espathra|move: Protect\n|\n|-ability|p1a: Espathra|Speed Boost|boost\n|-boost|p1a: Espathra|spe|1\n|upkeep\n|turn|4\n|j| thelastfirered\n|inactive|bsantoso has 30 seconds left.\n|\n|t:|1776752780\n|move|p1a: Espathra|Baton Pass|p1a: Espathra\n|\n|t:|1776752781\n|switch|p1a: Archaludon|Archaludon, L50, M|100/100|[from] Baton Pass\n|move|p2a: Hydreigon|Dark Pulse|p1a: Archaludon\n|-damage|p1a: Archaludon|67/100\n|-ability|p1a: Archaludon|Stamina|boost\n|-boost|p1a: Archaludon|def|1\n|\n|upkeep\n|turn|5\n|\n|t:|1776752790\n|move|p1a: Archaludon|Aura Sphere|p2a: Hydreigon\n|-supereffective|p2a: Hydreigon|1\n|-damage|p2a: Hydreigon|2/100\n|move|p2a: Hydreigon|Dark Pulse|p1a: Archaludon\n|-damage|p1a: Archaludon|32/100\n|-ability|p1a: Archaludon|Stamina|boost\n|-boost|p1a: Archaludon|def|1\n|\n|upkeep\n|turn|6\n|\n|t:|1776752796\n|move|p1a: Archaludon|Aura Sphere|p2a: Hydreigon\n|-supereffective|p2a: Hydreigon|1\n|-damage|p2a: Hydreigon|0 fnt\n|faint|p2a: Hydreigon\n|\n|upkeep\n|\n|t:|1776752807\n|switch|p2a: Sneasler|Sneasler, L50, F, shiny|100/100\n|turn|7\n|\n|t:|1776752828\n|move|p1a: Archaludon|Flash Cannon|p2a: Sneasler\n|-damage|p2a: Sneasler|21/100\n|move|p2a: Sneasler|Close Combat|p1a: Archaludon\n|-supereffective|p1a: Archaludon|1\n|-damage|p1a: Archaludon|0 fnt\n|-unboost|p2a: Sneasler|def|1\n|-unboost|p2a: Sneasler|spd|1\n|faint|p1a: Archaludon\n|\n|upkeep\n|\n|t:|1776752831\n|switch|p1a: Lopunny|Lopunny, L50, F|100/100\n|turn|8\n|inactive|KevMev has 30 seconds left.\n|\n|t:|1776752856\n|detailschange|p1a: Lopunny|Lopunny-Mega, L50, F\n|-mega|p1a: Lopunny|Lopunny|Lopunnite\n|move|p1a: Lopunny|Fake Out|p2a: Sneasler\n|-damage|p2a: Sneasler|0 fnt\n|faint|p2a: Sneasler\n|\n|upkeep\n|\n|t:|1776752858\n|switch|p2a: Mimikyu|Mimikyu, L50, M|100/100\n|turn|9\n|\n|t:|1776752864\n|move|p1a: Lopunny|U-turn|p2a: Mimikyu\n|-activate|p2a: Mimikyu|ability: Disguise\n|-damage|p2a: Mimikyu|100/100\n|detailschange|p2a: Mimikyu|Mimikyu-Busted, L50, M\n|-damage|p2a: Mimikyu|88/100|[from] pokemon: Mimikyu-Busted\n|\n|t:|1776752866\n|switch|p1a: Espathra|Espathra, L50, F|26/100|[from] U-turn\n|move|p2a: Mimikyu|Play Rough|p1a: Espathra\n|-damage|p1a: Espathra|0 fnt\n|faint|p1a: Espathra\n|\n|upkeep\n|\n|t:|1776752868\n|switch|p1a: Lopunny|Lopunny-Mega, L50, F|100/100\n|turn|10\n|\n|t:|1776752870\n|move|p1a: Lopunny|Fake Out|p2a: Mimikyu\n|-damage|p2a: Mimikyu|51/100\n|cant|p2a: Mimikyu|flinch\n|\n|upkeep\n|turn|11\n|\n|t:|1776752874\n|move|p1a: Lopunny|Triple Axel|p2a: Mimikyu\n|-damage|p2a: Mimikyu|40/100\n|-damage|p2a: Mimikyu|14/100\n|-damage|p2a: Mimikyu|0 fnt\n|faint|p2a: Mimikyu\n|-hitcount|p2: Mimikyu|3\n|\n|win|bsantoso\n|raw|bsantoso's rating: 1315 &rarr; <strong>1337</strong><br />(+22 for winning)\n|raw|KevMev's rating: 1352 &rarr; <strong>1330</strong><br />(-22 for losing)\n|l|\u2606bsantoso\n|player|p1|\n", "uploadtime": 1776752891, "views": 1, "formatid": "gen9championsbssregma", "rating": 1330, "private": 0, "password": null}