{"id": "gen9championsbssregma-2593175367", "format": "[Gen 9 Champions] BSS Reg M-A", "players": ["yann3779", "boi in the back"], "log": "|j|\u2606yann3779\n|j|\u2606boi in the back\n|t:|1777058220\n|gametype|singles\n|player|p1|yann3779|1|1266\n|player|p2|boi in the back|jacinthe|1297\n|gen|9\n|tier|[Gen 9 Champions] BSS Reg M-A\n|rated|\n|rule|Species Clause: Limit one of each Pok\u00e9mon\n|rule|Item Clause: Limit 1 of each item\n|clearpoke\n|poke|p1|Volcarona, L50, F|\n|poke|p1|Lopunny, L50, F|\n|poke|p1|Aerodactyl, L50, F|\n|poke|p1|Gengar, L50, F|\n|poke|p1|Basculegion, L50, M|\n|poke|p1|Hatterene, L50, F|\n|poke|p2|Meganium, L50, F, shiny|\n|poke|p2|Garchomp, L50, F|\n|poke|p2|Lucario, L50, M|\n|poke|p2|Kingambit, L50, F|\n|poke|p2|Volcarona, L50, F, shiny|\n|poke|p2|Gengar, L50, M|\n|teampreview|3\n|inactive|Battle timer is ON: inactive players will automatically lose when time's up. (requested by boi in the back)\n|inactive|boi in the back has 60 seconds left.\n|\n|t:|1777058265\n|teamsize|p1|3\n|teamsize|p2|3\n|start\n|switch|p1a: Aerodactyl|Aerodactyl, L50, F|100/100\n|switch|p2a: Lucario|Lucario, L50, M|100/100\n|-ability|p1a: Aerodactyl|Unnerve\n|turn|1\n|\n|t:|1777058289\n|detailschange|p2a: Lucario|Lucario-Mega, L50, M\n|-mega|p2a: Lucario|Lucario|Lucarionite\n|move|p1a: Aerodactyl|Stealth Rock|p2a: Lucario\n|-sidestart|p2: boi in the back|move: Stealth Rock\n|move|p2a: Lucario|Meteor Mash|p1a: Aerodactyl\n|-supereffective|p1a: Aerodactyl|1\n|-enditem|p1a: Aerodactyl|Focus Sash\n|-damage|p1a: Aerodactyl|1/100\n|\n|upkeep\n|turn|2\n|\n|t:|1777058298\n|move|p2a: Lucario|Extreme Speed|p1a: Aerodactyl\n|-resisted|p1a: Aerodactyl|1\n|-damage|p1a: Aerodactyl|0 fnt\n|faint|p1a: Aerodactyl\n|\n|upkeep\n|\n|t:|1777058304\n|switch|p1a: Gengar|Gengar, L50, F|100/100\n|turn|3\n|\n|t:|1777058307\n|detailschange|p1a: Gengar|Gengar-Mega, L50, F\n|-mega|p1a: Gengar|Gengar|Gengarite\n|move|p1a: Gengar|Shadow Ball|p2a: Lucario\n|-damage|p2a: Lucario|14/100\n|move|p2a: Lucario|Meteor Mash|p1a: Gengar\n|-damage|p1a: Gengar|0 fnt\n|faint|p1a: Gengar\n|\n|upkeep\n|\n|t:|1777058309\n|switch|p1a: Basculegion|Basculegion, L50, M|100/100\n|turn|4\n|\n|t:|1777058315\n|move|p1a: Basculegion|Last Respects|p2a: Lucario\n|-damage|p2a: Lucario|0 fnt\n|faint|p2a: Lucario\n|\n|upkeep\n|\n|t:|1777058320\n|switch|p2a: Garchomp|Garchomp, L50, F|100/100\n|-damage|p2a: Garchomp|94/100|[from] Stealth Rock\n|turn|5\n|\n|t:|1777058322\n|move|p2a: Garchomp|Outrage|p1a: Basculegion\n|-damage|p1a: Basculegion|15/100\n|move|p1a: Basculegion|Last Respects|p2a: Garchomp\n|-damage|p2a: Garchomp|3/100\n|\n|upkeep\n|turn|6\n|\n|t:|1777058325\n|move|p2a: Garchomp|Outrage|p1a: Basculegion|[from] lockedmove\n|-damage|p1a: Basculegion|0 fnt\n|faint|p1a: Basculegion\n|-start|p2a: Garchomp|confusion|[fatigue]\n|\n|win|boi in the back\n|raw|yann3779's rating: 1266 &rarr; <strong>1243</strong><br />(-23 for losing)\n|raw|boi in the back's rating: 1297 &rarr; <strong>1320</strong><br />(+23 for winning)\n", "uploadtime": 1777058326, "views": 10, "formatid": "gen9championsbssregma", "rating": 1243, "private": 0, "password": null}