{"id": "gen9championsbssregma-2593605182", "format": "[Gen 9 Champions] BSS Reg M-A", "players": ["lRedl2024", "Dodoprotector"], "log": "|j|\u2606lRedl2024\n|j|\u2606Dodoprotector\n|t:|1777103829\n|gametype|singles\n|player|p1|lRedl2024|red|1255\n|player|p2|Dodoprotector|169|1370\n|gen|9\n|tier|[Gen 9 Champions] BSS Reg M-A\n|rated|\n|rule|Species Clause: Limit one of each Pok\u00e9mon\n|rule|Item Clause: Limit 1 of each item\n|clearpoke\n|poke|p1|Pelipper, L50, F|\n|poke|p1|Gengar, L50, F|\n|poke|p1|Garchomp, L50, F|\n|poke|p1|Meganium, L50, F, shiny|\n|poke|p1|Dragonite, L50, M|\n|poke|p1|Archaludon, L50, M|\n|poke|p2|Gyarados, L50, M|\n|poke|p2|Sneasler, L50, F|\n|poke|p2|Orthworm, L50, F|\n|poke|p2|Volcarona, L50, M|\n|poke|p2|Heliolisk, L50, F, shiny|\n|poke|p2|Froslass, L50, F, shiny|\n|teampreview|3\n|\n|t:|1777103867\n|teamsize|p1|3\n|teamsize|p2|3\n|start\n|switch|p1a: Garchomp|Garchomp, L50, F|100/100\n|switch|p2a: Heliolisk|Heliolisk, L50, F, shiny|100/100\n|turn|1\n|\n|t:|1777103878\n|switch|p2a: Orthworm|Orthworm, L50, F|100/100\n|move|p1a: Garchomp|Stealth Rock|p2a: Orthworm\n|-sidestart|p2: Dodoprotector|move: Stealth Rock\n|\n|upkeep\n|turn|2\n|\n|t:|1777103910\n|switch|p1a: Archaludon|Archaludon, L50, M|100/100\n|move|p2a: Orthworm|Shed Tail|p2a: Orthworm\n|-start|p2a: Orthworm|Substitute|[from] move: Shed Tail\n|-damage|p2a: Orthworm|50/100\n|-enditem|p2a: Orthworm|Sitrus Berry|[eat]\n|-heal|p2a: Orthworm|75/100|[from] item: Sitrus Berry\n|\n|t:|1777103920\n|switch|p2a: Heliolisk|Heliolisk, L50, F, shiny|100/100|[from] Shed Tail\n|-damage|p2a: Heliolisk|88/100|[from] Stealth Rock\n|\n|upkeep\n|turn|3\n|\n|t:|1777103930\n|move|p2a: Heliolisk|Glare|p1a: Archaludon\n|-status|p1a: Archaludon|par\n|move|p1a: Archaludon|Aura Sphere|p2a: Heliolisk\n|-supereffective|p2a: Heliolisk|1\n|-end|p2a: Heliolisk|Substitute\n|\n|upkeep\n|turn|4\n|\n|t:|1777103952\n|move|p2a: Heliolisk|Volt Switch|p1a: Archaludon\n|-resisted|p1a: Archaludon|1\n|-damage|p1a: Archaludon|87/100 par\n|-ability|p1a: Archaludon|Stamina|boost\n|-boost|p1a: Archaludon|def|1\n|\n|t:|1777103953\n|switch|p2a: Froslass|Froslass, L50, F, shiny|100/100|[from] Volt Switch\n|-damage|p2a: Froslass|76/100|[from] Stealth Rock\n|move|p1a: Archaludon|Draco Meteor|p2a: Froslass\n|-damage|p2a: Froslass|0 fnt\n|-unboost|p1a: Archaludon|spa|2\n|faint|p2a: Froslass\n|\n|upkeep\n|\n|t:|1777103957\n|switch|p2a: Orthworm|Orthworm, L50, F|75/100\n|-damage|p2a: Orthworm|69/100|[from] Stealth Rock\n|turn|5\n|\n|t:|1777103967\n|switch|p1a: Gengar|Gengar, L50, F|100/100\n|move|p2a: Orthworm|Iron Defense|p2a: Orthworm\n|-boost|p2a: Orthworm|def|2\n|\n|upkeep\n|turn|6\n|\n|t:|1777103972\n|detailschange|p1a: Gengar|Gengar-Mega, L50, F\n|-mega|p1a: Gengar|Gengar|Gengarite\n|move|p1a: Gengar|Shadow Ball|p2a: Orthworm\n|-damage|p2a: Orthworm|0 fnt\n|faint|p2a: Orthworm\n|\n|upkeep\n|\n|t:|1777103974\n|switch|p2a: Heliolisk|Heliolisk, L50, F, shiny|88/100\n|-damage|p2a: Heliolisk|76/100|[from] Stealth Rock\n|turn|7\n|\n|t:|1777103978\n|move|p1a: Gengar|Shadow Ball|p2a: Heliolisk\n|-immune|p2a: Heliolisk\n|move|p2a: Heliolisk|Glare|p1a: Gengar\n|-status|p1a: Gengar|par\n|\n|upkeep\n|turn|8\n|\n|t:|1777103989\n|move|p2a: Heliolisk|Volt Switch|p1a: Gengar\n|-damage|p1a: Gengar|53/100 par\n|move|p1a: Gengar|Sludge Wave|p2a: Heliolisk\n|-damage|p2a: Heliolisk|0 fnt\n|faint|p2a: Heliolisk\n|\n|win|lRedl2024\n|raw|lRedl2024's rating: 1255 &rarr; <strong>1288</strong><br />(+33 for winning)\n|raw|Dodoprotector's rating: 1370 &rarr; <strong>1344</strong><br />(-26 for losing)\n|l|\u2606Dodoprotector\n|player|p2|\n|l|\u2606lRedl2024\n|player|p1|\n", "uploadtime": 1777104282, "views": 13, "formatid": "gen9championsbssregma", "rating": 1288, "private": 0, "password": null}