{"id": "gen9championsbssregma-2586007046", "format": "[Gen 9 Champions] BSS Reg M-A", "players": ["8ugt5", "yoyotaka"], "log": "|j|\u26068ugt5\n|j|\u2606yoyotaka\n|t:|1776389668\n|gametype|singles\n|player|p1|8ugt5|lucas|1227\n|player|p2|yoyotaka|265|1341\n|gen|9\n|tier|[Gen 9 Champions] BSS Reg M-A\n|rated|\n|rule|Species Clause: Limit one of each Pok\u00e9mon\n|rule|Item Clause: Limit 1 of each item\n|clearpoke\n|poke|p1|Floette-Eternal, L50, F|\n|poke|p1|Aegislash, L50, M|\n|poke|p1|Hippowdon, L50, F|\n|poke|p1|Primarina, L50, M|\n|poke|p1|Chesnaught, L50, M|\n|poke|p1|Glimmora, L50, M|\n|poke|p2|Floette-Eternal, L50, F|\n|poke|p2|Excadrill, L50, M|\n|poke|p2|Espathra, L50, F|\n|poke|p2|Basculegion, L50, M|\n|poke|p2|Dragonite, L50, M|\n|poke|p2|Hydreigon, L50, M|\n|teampreview|3\n|\n|t:|1776389706\n|teamsize|p1|3\n|teamsize|p2|3\n|start\n|switch|p1a: Glimmora|Glimmora, L50, M|100/100\n|switch|p2a: Espathra|Espathra, L50, F|100/100\n|turn|1\n|\n|t:|1776389744\n|move|p1a: Glimmora|Mortal Spin|p2a: Espathra\n|-damage|p2a: Espathra|93/100\n|-status|p2a: Espathra|psn\n|move|p2a: Espathra|Calm Mind|p2a: Espathra\n|-boost|p2a: Espathra|spa|1\n|-boost|p2a: Espathra|spd|1\n|\n|-damage|p2a: Espathra|81/100 psn|[from] psn\n|-ability|p2a: Espathra|Speed Boost|boost\n|-boost|p2a: Espathra|spe|1\n|upkeep\n|turn|2\n|\n|t:|1776389758\n|move|p2a: Espathra|Lumina Crash|p1a: Glimmora\n|-supereffective|p1a: Glimmora|1\n|-enditem|p1a: Glimmora|Focus Sash\n|-damage|p1a: Glimmora|1/100\n|-unboost|p1a: Glimmora|spd|2\n|move|p1a: Glimmora|Stealth Rock|p2a: Espathra\n|-sidestart|p2: yoyotaka|move: Stealth Rock\n|\n|-damage|p2a: Espathra|68/100 psn|[from] psn\n|-ability|p2a: Espathra|Speed Boost|boost\n|-boost|p2a: Espathra|spe|1\n|upkeep\n|turn|3\n|\n|t:|1776389772\n|switch|p1a: Aegislash|Aegislash, L50, M|100/100\n|move|p2a: Espathra|Lumina Crash|p1a: Aegislash\n|-resisted|p1a: Aegislash|1\n|-damage|p1a: Aegislash|85/100\n|-unboost|p1a: Aegislash|spd|2\n|\n|-damage|p2a: Espathra|56/100 psn|[from] psn\n|-ability|p2a: Espathra|Speed Boost|boost\n|-boost|p2a: Espathra|spe|1\n|upkeep\n|turn|4\n|\n|t:|1776389784\n|-formechange|p1a: Aegislash|Aegislash-Blade|\n|move|p1a: Aegislash|Shadow Sneak|p2a: Espathra\n|-supereffective|p2a: Espathra|1\n|-damage|p2a: Espathra|4/100 psn\n|-enditem|p2a: Espathra|Sitrus Berry|[eat]\n|-heal|p2a: Espathra|29/100 psn|[from] item: Sitrus Berry\n|move|p2a: Espathra|Baton Pass|p2a: Espathra\n|\n|t:|1776389791\n|switch|p2a: Dragonite|Dragonite, L50, M|100/100|[from] Baton Pass\n|-damage|p2a: Dragonite|75/100|[from] Stealth Rock\n|\n|upkeep\n|turn|5\n|l|\u26068ugt5\n|player|p1|\n|inactive|Battle timer is ON: inactive players will automatically lose when time's up. (requested by yoyotaka)\n|inactive|8ugt5 has 30 seconds to reconnect!\n|inactive|8ugt5 has 20 seconds to reconnect!\n|inactive|8ugt5 has 15 seconds to reconnect!\n|inactive|8ugt5 has 10 seconds to reconnect!\n|inactive|8ugt5 has 5 seconds to reconnect!\n|-message|8ugt5 lost due to inactivity.\n|\n|win|yoyotaka\n|raw|8ugt5's rating: 1227 &rarr; <strong>1210</strong><br />(-17 for losing)\n|raw|yoyotaka's rating: 1341 &rarr; <strong>1355</strong><br />(+14 for winning)\n|l|\u2606yoyotaka\n|player|p2|\n", "uploadtime": 1776389985, "views": 7, "formatid": "gen9championsbssregma", "rating": 1210, "private": 0, "password": null}