{"id": "gen9championsbssregma-2590974431", "format": "[Gen 9 Champions] BSS Reg M-A", "players": ["crazedjuggernaut", "Kanzaki_poke"], "log": "|j|\u2606crazedjuggernaut\n|j|\u2606Kanzaki_poke\n|t:|1776865779\n|gametype|singles\n|player|p1|crazedjuggernaut|marshal|1234\n|player|p2|Kanzaki_poke|2|1210\n|gen|9\n|tier|[Gen 9 Champions] BSS Reg M-A\n|rated|\n|rule|Species Clause: Limit one of each Pok\u00e9mon\n|rule|Item Clause: Limit 1 of each item\n|clearpoke\n|poke|p1|Lopunny, L50, F, shiny|\n|poke|p1|Aegislash, L50, M, shiny|\n|poke|p1|Primarina, L50, F, shiny|\n|poke|p1|Garchomp, L50, M|\n|poke|p1|Volcarona, L50, F, shiny|\n|poke|p1|Meowscarada, L50, F|\n|poke|p2|Garchomp, L50, M|\n|poke|p2|Delphox, L50, M|\n|poke|p2|Floette-Eternal, L50, F|\n|poke|p2|Corviknight, L50, F|\n|poke|p2|Gyarados, L50, M|\n|poke|p2|Meowscarada, L50, M|\n|teampreview|3\n|inactive|Battle timer is ON: inactive players will automatically lose when time's up. (requested by Kanzaki_poke)\n|\n|t:|1776865848\n|teamsize|p1|3\n|teamsize|p2|3\n|start\n|switch|p1a: Lopunny|Lopunny, L50, F, shiny|100/100\n|switch|p2a: Gyarados|Gyarados, L50, M|100/100\n|-ability|p2a: Gyarados|Intimidate|boost\n|-unboost|p1a: Lopunny|atk|1\n|turn|1\n|\n|t:|1776865860\n|detailschange|p1a: Lopunny|Lopunny-Mega, L50, F, shiny\n|-mega|p1a: Lopunny|Lopunny|Lopunnite\n|move|p1a: Lopunny|Fake Out|p2a: Gyarados\n|-damage|p2a: Gyarados|88/100\n|cant|p2a: Gyarados|flinch\n|\n|upkeep\n|turn|2\n|\n|t:|1776865865\n|move|p1a: Lopunny|U-turn|p2a: Gyarados\n|-resisted|p2a: Gyarados|1\n|-damage|p2a: Gyarados|81/100\n|\n|t:|1776865867\n|switch|p1a: Meowscarada|Meowscarada, L50, F|100/100|[from] U-turn\n|move|p2a: Gyarados|Thunder Wave|p1a: Meowscarada\n|-status|p1a: Meowscarada|par\n|\n|upkeep\n|turn|3\n|\n|t:|1776865880\n|move|p1a: Meowscarada|Flower Trick|p2a: Gyarados\n|-start|p1a: Meowscarada|typechange|Grass|[from] ability: Protean\n|-crit|p2a: Gyarados\n|-damage|p2a: Gyarados|36/100\n|move|p2a: Gyarados|Ice Fang|p1a: Meowscarada\n|-supereffective|p1a: Meowscarada|1\n|-damage|p1a: Meowscarada|40/100 par\n|\n|upkeep\n|turn|4\n|\n|t:|1776865895\n|move|p1a: Meowscarada|Flower Trick|p2a: Gyarados\n|-crit|p2a: Gyarados\n|-damage|p2a: Gyarados|0 fnt\n|faint|p2a: Gyarados\n|\n|upkeep\n|\n|t:|1776865900\n|switch|p2a: Delphox|Delphox, L50, M|100/100\n|turn|5\n|\n|t:|1776865912\n|detailschange|p2a: Delphox|Delphox-Mega, L50, M\n|-mega|p2a: Delphox|Delphox|Delphoxite\n|move|p2a: Delphox|Substitute|p2a: Delphox\n|-start|p2a: Delphox|Substitute\n|-damage|p2a: Delphox|76/100\n|move|p1a: Meowscarada|Flower Trick|p2a: Delphox\n|-resisted|p2a: Delphox|1\n|-crit|p2a: Delphox\n|-end|p2a: Delphox|Substitute\n|\n|upkeep\n|turn|6\n|\n|t:|1776865920\n|move|p2a: Delphox|Substitute|p2a: Delphox\n|-start|p2a: Delphox|Substitute\n|-damage|p2a: Delphox|51/100\n|move|p1a: Meowscarada|Flower Trick|p2a: Delphox\n|-resisted|p2a: Delphox|1\n|-crit|p2a: Delphox\n|-end|p2a: Delphox|Substitute\n|\n|upkeep\n|turn|7\n|\n|t:|1776865931\n|move|p2a: Delphox|Nasty Plot|p2a: Delphox\n|-boost|p2a: Delphox|spa|2\n|move|p1a: Meowscarada|Flower Trick|p2a: Delphox\n|-resisted|p2a: Delphox|1\n|-crit|p2a: Delphox\n|-damage|p2a: Delphox|14/100\n|\n|upkeep\n|turn|8\n|-message|Kanzaki_poke forfeited.\n|\n|win|crazedjuggernaut\n|raw|crazedjuggernaut's rating: 1234 &rarr; <strong>1257</strong><br />(+23 for winning)\n|raw|Kanzaki_poke's rating: 1210 &rarr; <strong>1187</strong><br />(-23 for losing)\n|l|\u2606Kanzaki_poke\n|player|p2|\n", "uploadtime": 1776865943, "views": 15, "formatid": "gen9championsbssregma", "rating": 1187, "private": 0, "password": null}