{"id": "gen9championsbssregma-2591052261", "format": "[Gen 9 Champions] BSS Reg M-A", "players": ["kth0817", "Ssulmae"], "log": "|j|\u2606kth0817\n|j|\u2606Ssulmae\n|t:|1776871112\n|gametype|singles\n|player|p1|kth0817|265|1359\n|player|p2|Ssulmae|2|1387\n|gen|9\n|tier|[Gen 9 Champions] BSS Reg M-A\n|rated|\n|rule|Species Clause: Limit one of each Pok\u00e9mon\n|rule|Item Clause: Limit 1 of each item\n|clearpoke\n|poke|p1|Hippowdon, L50, F|\n|poke|p1|Sneasler, L50, F|\n|poke|p1|Gyarados, L50, F|\n|poke|p1|Kingambit, L50, M|\n|poke|p1|Forretress, L50, F|\n|poke|p1|Garchomp, L50, F|\n|poke|p2|Corviknight, L50, F|\n|poke|p2|Garchomp, L50, F|\n|poke|p2|Floette-Eternal, L50, F|\n|poke|p2|Aegislash, L50, F|\n|poke|p2|Charizard, L50, M|\n|poke|p2|Rotom-Wash, L50|\n|teampreview|3\n|inactive|Battle timer is ON: inactive players will automatically lose when time's up. (requested by Ssulmae)\n|inactive|kth0817 has 60 seconds left.\n|inactive|Ssulmae has 60 seconds left.\n|inactive|Ssulmae has 30 seconds left.\n|\n|t:|1776871178\n|teamsize|p1|3\n|teamsize|p2|3\n|start\n|switch|p1a: Kingambit|Kingambit, L50, M|100/100\n|switch|p2a: Rotom|Rotom-Wash, L50|100/100\n|turn|1\n|\n|t:|1776871187\n|move|p2a: Rotom|Volt Switch|p1a: Kingambit\n|-damage|p1a: Kingambit|64/100\n|\n|t:|1776871189\n|switch|p2a: Corviknight|Corviknight, L50, F|100/100|[from] Volt Switch\n|-ability|p2a: Corviknight|Pressure\n|move|p1a: Kingambit|Thunder Wave|p2a: Corviknight|[miss]\n|-miss|p1a: Kingambit|p2a: Corviknight\n|\n|upkeep\n|turn|2\n|\n|t:|1776871199\n|move|p1a: Kingambit|Taunt|p2a: Corviknight\n|-start|p2a: Corviknight|move: Taunt\n|move|p2a: Corviknight|U-turn|p1a: Kingambit\n|-damage|p1a: Kingambit|52/100\n|\n|t:|1776871204\n|switch|p2a: Rotom|Rotom-Wash, L50|100/100|[from] U-turn\n|\n|upkeep\n|turn|3\n|\n|t:|1776871210\n|move|p2a: Rotom|Volt Switch|p1a: Kingambit\n|-damage|p1a: Kingambit|16/100\n|\n|t:|1776871213\n|switch|p2a: Corviknight|Corviknight, L50, F|100/100|[from] Volt Switch\n|-ability|p2a: Corviknight|Pressure\n|move|p1a: Kingambit|Stealth Rock|p2a: Corviknight\n|-sidestart|p2: Ssulmae|move: Stealth Rock\n|\n|upkeep\n|turn|4\n|\n|t:|1776871222\n|move|p1a: Kingambit|Thunder Wave|p2a: Corviknight\n|-status|p2a: Corviknight|par\n|move|p2a: Corviknight|Body Press|p1a: Kingambit\n|-supereffective|p1a: Kingambit|2\n|-damage|p1a: Kingambit|0 fnt\n|faint|p1a: Kingambit\n|\n|upkeep\n|\n|t:|1776871227\n|switch|p1a: Garchomp|Garchomp, L50, F|100/100\n|turn|5\n|\n|t:|1776871231\n|move|p1a: Garchomp|Fire Blast|p2a: Corviknight\n|-supereffective|p2a: Corviknight|1\n|-damage|p2a: Corviknight|60/100 par\n|move|p2a: Corviknight|Iron Defense|p2a: Corviknight\n|-boost|p2a: Corviknight|def|2\n|\n|upkeep\n|turn|6\n|j| otakujil\n|\n|t:|1776871239\n|move|p1a: Garchomp|Swords Dance|p1a: Garchomp\n|-boost|p1a: Garchomp|atk|2\n|move|p2a: Corviknight|Roost|p2a: Corviknight\n|-heal|p2a: Corviknight|100/100 par\n|-singleturn|p2a: Corviknight|move: Roost\n|\n|upkeep\n|turn|7\n|\n|t:|1776871242\n|move|p1a: Garchomp|Swords Dance|p1a: Garchomp\n|-boost|p1a: Garchomp|atk|2\n|move|p2a: Corviknight|Body Press|p1a: Garchomp\n|-damage|p1a: Garchomp|49/100\n|-damage|p2a: Corviknight|88/100 par|[from] ability: Rough Skin|[of] p1a: Garchomp\n|\n|upkeep\n|turn|8\n|\n|t:|1776871245\n|move|p1a: Garchomp|Fire Blast|p2a: Corviknight\n|-supereffective|p2a: Corviknight|1\n|-damage|p2a: Corviknight|50/100 par\n|-enditem|p2a: Corviknight|Sitrus Berry|[eat]\n|-heal|p2a: Corviknight|75/100 par|[from] item: Sitrus Berry\n|move|p2a: Corviknight|Body Press|p1a: Garchomp\n|-damage|p1a: Garchomp|0 fnt\n|-damage|p2a: Corviknight|63/100 par|[from] ability: Rough Skin|[of] p1a: Garchomp\n|faint|p1a: Garchomp\n|\n|upkeep\n|-message|kth0817 forfeited.\n|\n|win|Ssulmae\n|raw|kth0817's rating: 1359 &rarr; <strong>1341</strong><br />(-18 for losing)\n|raw|Ssulmae's rating: 1387 &rarr; <strong>1405</strong><br />(+18 for winning)\n|l|\u2606kth0817\n|player|p1|\n", "uploadtime": 1776871267, "views": 12, "formatid": "gen9championsbssregma", "rating": 1341, "private": 0, "password": null}