{"id": "gen9championsbssregma-2591659301", "format": "[Gen 9 Champions] BSS Reg M-A", "players": ["SmallGun", "taiseitreiru"], "log": "|j|\u2606SmallGun\n|j|\u2606taiseitreiru\n|t:|1776922299\n|gametype|singles\n|player|p1|SmallGun|170|1488\n|player|p2|taiseitreiru|2|1563\n|gen|9\n|tier|[Gen 9 Champions] BSS Reg M-A\n|rated|\n|rule|Species Clause: Limit one of each Pok\u00e9mon\n|rule|Item Clause: Limit 1 of each item\n|clearpoke\n|poke|p1|Charizard, L50, M, shiny|\n|poke|p1|Floette-Eternal, L50, F|\n|poke|p1|Mimikyu, L50, M|\n|poke|p1|Aegislash, L50, M|\n|poke|p1|Meowscarada, L50, M|\n|poke|p1|Hippowdon, L50, F|\n|poke|p2|Kangaskhan, L50, F|\n|poke|p2|Hippowdon, L50, M|\n|poke|p2|Glimmora, L50, M|\n|poke|p2|Basculegion-F, L50, F|\n|poke|p2|Hydreigon, L50, M|\n|poke|p2|Aegislash, L50, M|\n|teampreview|3\n|\n|t:|1776922323\n|teamsize|p1|3\n|teamsize|p2|3\n|start\n|switch|p1a: Aegislash|Aegislash, L50, M|100/100\n|switch|p2a: Hydreigon|Hydreigon, L50, M|100/100\n|turn|1\n|\n|t:|1776922335\n|move|p2a: Hydreigon|Dark Pulse|p1a: Aegislash\n|-supereffective|p1a: Aegislash|1\n|-enditem|p1a: Aegislash|Focus Sash\n|-damage|p1a: Aegislash|1/100\n|-formechange|p1a: Aegislash|Aegislash-Blade|\n|move|p1a: Aegislash|Shadow Ball|p2a: Hydreigon\n|-resisted|p2a: Hydreigon|1\n|-damage|p2a: Hydreigon|74/100\n|\n|upkeep\n|turn|2\n|j| Esslinger\n|\n|t:|1776922345\n|switch|p1a: Meowscarada|Meowscarada, L50, M|100/100\n|move|p2a: Hydreigon|Dark Pulse|p1a: Meowscarada\n|-resisted|p1a: Meowscarada|1\n|-crit|p1a: Meowscarada\n|-damage|p1a: Meowscarada|44/100\n|\n|upkeep\n|turn|3\n|\n|t:|1776922351\n|move|p1a: Meowscarada|U-turn|p2a: Hydreigon\n|-start|p1a: Meowscarada|typechange|Bug|[from] ability: Protean\n|-supereffective|p2a: Hydreigon|1\n|-damage|p2a: Hydreigon|0 fnt\n|faint|p2a: Hydreigon\n|\n|t:|1776922354\n|switch|p1a: Aegislash|Aegislash, L50, M|1/100|[from] U-turn\n|\n|upkeep\n|\n|t:|1776922360\n|switch|p2a: Hippowdon|Hippowdon, L50, M|100/100\n|-weather|Sandstorm|[from] ability: Sand Stream|[of] p2a: Hippowdon\n|turn|4\n|\n|t:|1776922365\n|-formechange|p1a: Aegislash|Aegislash-Blade|\n|move|p1a: Aegislash|Shadow Ball|p2a: Hippowdon\n|-damage|p2a: Hippowdon|55/100\n|-unboost|p2a: Hippowdon|spd|1\n|move|p2a: Hippowdon|Earthquake|p1a: Aegislash\n|-supereffective|p1a: Aegislash|1\n|-damage|p1a: Aegislash|0 fnt\n|faint|p1a: Aegislash\n|\n|-weather|Sandstorm|[upkeep]\n|-heal|p2a: Hippowdon|61/100|[from] item: Leftovers\n|upkeep\n|\n|t:|1776922370\n|switch|p1a: Meowscarada|Meowscarada, L50, M|44/100\n|turn|5\n|\n|t:|1776922373\n|move|p2a: Hippowdon|Protect|p2a: Hippowdon\n|-singleturn|p2a: Hippowdon|Protect\n|move|p1a: Meowscarada|Flower Trick|p2a: Hippowdon\n|-start|p1a: Meowscarada|typechange|Grass|[from] ability: Protean\n|-activate|p2a: Hippowdon|move: Protect\n|\n|-weather|Sandstorm|[upkeep]\n|-damage|p1a: Meowscarada|38/100|[from] Sandstorm\n|-heal|p2a: Hippowdon|67/100|[from] item: Leftovers\n|upkeep\n|turn|6\n|\n|t:|1776922379\n|move|p1a: Meowscarada|Flower Trick|p2a: Hippowdon\n|-supereffective|p2a: Hippowdon|1\n|-crit|p2a: Hippowdon\n|-damage|p2a: Hippowdon|8/100\n|move|p2a: Hippowdon|Yawn|p1a: Meowscarada\n|-start|p1a: Meowscarada|move: Yawn|[of] p2a: Hippowdon\n|\n|-weather|Sandstorm|[upkeep]\n|-damage|p1a: Meowscarada|32/100|[from] Sandstorm\n|-heal|p2a: Hippowdon|14/100|[from] item: Leftovers\n|upkeep\n|turn|7\n|\n|t:|1776922387\n|switch|p1a: Charizard|Charizard, L50, M, shiny|100/100\n|move|p2a: Hippowdon|Slack Off|p2a: Hippowdon\n|-heal|p2a: Hippowdon|64/100\n|\n|-weather|Sandstorm|[upkeep]\n|-damage|p1a: Charizard|95/100|[from] Sandstorm\n|-heal|p2a: Hippowdon|70/100|[from] item: Leftovers\n|upkeep\n|turn|8\n|\n|t:|1776922397\n|switch|p2a: Glimmora|Glimmora, L50, M|100/100\n|detailschange|p1a: Charizard|Charizard-Mega-X, L50, M, shiny\n|-mega|p1a: Charizard|Charizard|Charizardite X\n|move|p1a: Charizard|Outrage|p2a: Glimmora\n|-damage|p2a: Glimmora|0 fnt\n|-activate|p2a: Glimmora|ability: Toxic Debris\n|-sidestart|p1: SmallGun|move: Toxic Spikes\n|faint|p2a: Glimmora\n|\n|-weather|none\n|upkeep\n|-message|taiseitreiru forfeited.\n|\n|win|SmallGun\n|raw|SmallGun's rating: 1488 &rarr; <strong>1512</strong><br />(+24 for winning)\n|raw|taiseitreiru's rating: 1563 &rarr; <strong>1539</strong><br />(-24 for losing)\n|l|\u2606taiseitreiru\n|player|p2|\n|l|\u2606SmallGun\n|player|p1|\n", "uploadtime": 1776922423, "views": 25, "formatid": "gen9championsbssregma", "rating": 1512, "private": 0, "password": null}