{"id": "gen9championsbssregma-2591597647", "format": "[Gen 9 Champions] BSS Reg M-A", "players": ["driflount drifloon", "Dandin11"], "log": "|j|\u2606driflount drifloon\n|j|\u2606Dandin11\n|t:|1776915078\n|gametype|singles\n|player|p1|driflount drifloon|brock|1215\n|player|p2|Dandin11|nate|1289\n|gen|9\n|tier|[Gen 9 Champions] BSS Reg M-A\n|rated|\n|rule|Species Clause: Limit one of each Pok\u00e9mon\n|rule|Item Clause: Limit 1 of each item\n|clearpoke\n|poke|p1|Espathra, L50, M|\n|poke|p1|Lopunny, L50, F|\n|poke|p1|Slowbro, L50, M|\n|poke|p1|Clefable, L50, F|\n|poke|p1|Corviknight, L50, F|\n|poke|p1|Scizor, L50, F|\n|poke|p2|Greninja, L50, M, shiny|\n|poke|p2|Meowscarada, L50, M, shiny|\n|poke|p2|Delphox, L50, M, shiny|\n|poke|p2|Primarina, L50, F, shiny|\n|poke|p2|Garchomp, L50, M, shiny|\n|poke|p2|Archaludon, L50, F, shiny|\n|teampreview|3\n|inactive|Battle timer is ON: inactive players will automatically lose when time's up. (requested by driflount drifloon)\n|inactive|Dandin11 has 60 seconds left.\n|\n|t:|1776915114\n|teamsize|p1|3\n|teamsize|p2|3\n|start\n|switch|p1a: Lopunny|Lopunny, L50, F|100/100\n|switch|p2a: Greninja|Greninja, L50, M, shiny|100/100\n|turn|1\n|\n|t:|1776915134\n|switch|p2a: Archaludon|Archaludon, L50, F, shiny|100/100\n|move|p1a: Lopunny|Swords Dance|p1a: Lopunny\n|-boost|p1a: Lopunny|atk|2\n|\n|upkeep\n|turn|2\n|\n|t:|1776915148\n|detailschange|p1a: Lopunny|Lopunny-Mega, L50, F\n|-mega|p1a: Lopunny|Lopunny|Lopunnite\n|move|p1a: Lopunny|Drain Punch|p2a: Archaludon\n|-supereffective|p2a: Archaludon|1\n|-damage|p2a: Archaludon|0 fnt\n|faint|p2a: Archaludon\n|\n|upkeep\n|\n|t:|1776915155\n|switch|p2a: Meowscarada|Meowscarada, L50, M, shiny|100/100\n|turn|3\n|\n|t:|1776915158\n|move|p2a: Meowscarada|Play Rough|p1a: Lopunny\n|-start|p2a: Meowscarada|typechange|Fairy|[from] ability: Protean\n|-supereffective|p1a: Lopunny|1\n|-damage|p1a: Lopunny|30/100\n|move|p1a: Lopunny|Drain Punch|p2a: Meowscarada\n|-resisted|p2a: Meowscarada|1\n|-damage|p2a: Meowscarada|52/100\n|-heal|p1a: Lopunny|51/100|[from] drain|[of] p2a: Meowscarada\n|\n|upkeep\n|turn|4\n|\n|t:|1776915172\n|switch|p1a: Scizor|Scizor, L50, F|100/100\n|move|p2a: Meowscarada|Play Rough|p1a: Scizor\n|-resisted|p1a: Scizor|1\n|-damage|p1a: Scizor|78/100\n|\n|upkeep\n|turn|5\n|\n|t:|1776915192\n|switch|p2a: Greninja|Greninja, L50, M, shiny|100/100\n|move|p1a: Scizor|Swords Dance|p1a: Scizor\n|-boost|p1a: Scizor|atk|2\n|\n|upkeep\n|turn|6\n|j| Falco1196\n|\n|t:|1776915209\n|move|p2a: Greninja|Surf|p1a: Scizor\n|-start|p2a: Greninja|typechange|Water|[from] ability: Protean\n|-damage|p1a: Scizor|45/100\n|move|p1a: Scizor|Roost|p1a: Scizor\n|-heal|p1a: Scizor|95/100\n|-singleturn|p1a: Scizor|move: Roost\n|\n|upkeep\n|turn|7\n|\n|t:|1776915219\n|detailschange|p2a: Greninja|Greninja-Mega, L50, M, shiny\n|-mega|p2a: Greninja|Greninja|Greninjite\n|move|p1a: Scizor|Bullet Punch|p2a: Greninja\n|-resisted|p2a: Greninja|1\n|-damage|p2a: Greninja|62/100\n|move|p2a: Greninja|Surf|p1a: Scizor\n|-start|p2a: Greninja|typechange|Water|[from] ability: Protean\n|-damage|p1a: Scizor|51/100\n|\n|upkeep\n|turn|8\n|\n|t:|1776915230\n|move|p1a: Scizor|Bullet Punch|p2a: Greninja\n|-resisted|p2a: Greninja|1\n|-damage|p2a: Greninja|23/100\n|move|p2a: Greninja|Surf|p1a: Scizor\n|-damage|p1a: Scizor|10/100\n|\n|upkeep\n|turn|9\n|\n|t:|1776915237\n|move|p1a: Scizor|Bullet Punch|p2a: Greninja\n|-resisted|p2a: Greninja|1\n|-damage|p2a: Greninja|0 fnt\n|faint|p2a: Greninja\n|\n|upkeep\n|-message|Dandin11 forfeited.\n|\n|win|driflount drifloon\n|raw|driflount drifloon's rating: 1215 &rarr; <strong>1245</strong><br />(+30 for winning)\n|raw|Dandin11's rating: 1289 &rarr; <strong>1259</strong><br />(-30 for losing)\n|l|\u2606Dandin11\n|player|p2|\n", "uploadtime": 1776915246, "views": 6, "formatid": "gen9championsbssregma", "rating": 1245, "private": 0, "password": null}