{"id": "gen9championsbssregma-2592051677", "format": "[Gen 9 Champions] BSS Reg M-A", "players": ["sunshne", "PopinoVT"], "log": "|j|\u2606sunshne\n|j|\u2606PopinoVT\n|t:|1776960231\n|gametype|singles\n|player|p1|sunshne|lyra|1252\n|player|p2|PopinoVT|silver|1254\n|gen|9\n|tier|[Gen 9 Champions] BSS Reg M-A\n|rated|\n|rule|Species Clause: Limit one of each Pok\u00e9mon\n|rule|Item Clause: Limit 1 of each item\n|clearpoke\n|poke|p1|Pelipper, L50, F|\n|poke|p1|Starmie, L50|\n|poke|p1|Gengar, L50, F|\n|poke|p1|Garchomp, L50, M|\n|poke|p1|Corviknight, L50, F|\n|poke|p1|Archaludon, L50, F|\n|poke|p2|Lucario, L50, F|\n|poke|p2|Meowscarada, L50, M|\n|poke|p2|Garchomp, L50, F|\n|poke|p2|Delphox, L50, M|\n|poke|p2|Milotic, L50, F|\n|poke|p2|Kingambit, L50, M|\n|teampreview|3\n|\n|t:|1776960286\n|teamsize|p1|3\n|teamsize|p2|3\n|start\n|switch|p1a: Pelipper|Pelipper, L50, F|100/100\n|switch|p2a: Meowscarada|Meowscarada, L50, M|100/100\n|-weather|RainDance|[from] ability: Drizzle|[of] p1a: Pelipper\n|turn|1\n|\n|t:|1776960295\n|move|p2a: Meowscarada|Flower Trick|p1a: Pelipper\n|-start|p2a: Meowscarada|typechange|Grass|[from] ability: Protean\n|-crit|p1a: Pelipper\n|-damage|p1a: Pelipper|55/100\n|move|p1a: Pelipper|U-turn|p2a: Meowscarada\n|-supereffective|p2a: Meowscarada|1\n|-damage|p2a: Meowscarada|73/100\n|\n|t:|1776960321\n|switch|p1a: Archaludon|Archaludon, L50, F|100/100|[from] U-turn\n|\n|-weather|RainDance|[upkeep]\n|upkeep\n|turn|2\n|\n|t:|1776960338\n|switch|p2a: Lucario|Lucario, L50, F|100/100\n|move|p1a: Archaludon|Draco Meteor|p2a: Lucario\n|-resisted|p2a: Lucario|1\n|-damage|p2a: Lucario|52/100\n|-unboost|p1a: Archaludon|spa|2\n|\n|-weather|RainDance|[upkeep]\n|upkeep\n|turn|3\n|\n|t:|1776960357\n|switch|p1a: Starmie|Starmie, L50|100/100\n|detailschange|p2a: Lucario|Lucario-Mega, L50, F\n|-mega|p2a: Lucario|Lucario|Lucarionite\n|move|p2a: Lucario|Swords Dance|p2a: Lucario\n|-boost|p2a: Lucario|atk|2\n|\n|-weather|RainDance|[upkeep]\n|upkeep\n|turn|4\n|\n|t:|1776960369\n|detailschange|p1a: Starmie|Starmie-Mega, L50\n|-mega|p1a: Starmie|Starmie|Starminite\n|move|p2a: Lucario|Close Combat|p1a: Starmie\n|-resisted|p1a: Starmie|1\n|-damage|p1a: Starmie|0 fnt\n|-unboost|p2a: Lucario|def|1\n|-unboost|p2a: Lucario|spd|1\n|faint|p1a: Starmie\n|\n|-weather|RainDance|[upkeep]\n|upkeep\n|\n|t:|1776960380\n|switch|p1a: Archaludon|Archaludon, L50, F|100/100\n|turn|5\n|\n|t:|1776960387\n|move|p2a: Lucario|Close Combat|p1a: Archaludon\n|-supereffective|p1a: Archaludon|1\n|-damage|p1a: Archaludon|0 fnt\n|-unboost|p2a: Lucario|def|1\n|-unboost|p2a: Lucario|spd|1\n|faint|p1a: Archaludon\n|\n|-weather|none\n|upkeep\n|-message|sunshne forfeited.\n|\n|win|PopinoVT\n|raw|sunshne's rating: 1252 &rarr; <strong>1227</strong><br />(-25 for losing)\n|raw|PopinoVT's rating: 1254 &rarr; <strong>1279</strong><br />(+25 for winning)\n|l|\u2606sunshne\n|player|p1|\n", "uploadtime": 1776960416, "views": 3, "formatid": "gen9championsbssregma", "rating": 1227, "private": 0, "password": null}