{"id": "gen9championsbssregma-2590042574", "format": "[Gen 9 Champions] BSS Reg M-A", "players": ["Keyan_Sans", "Elphilomeno"], "log": "|j|\u2606Keyan_Sans\n|j|\u2606Elphilomeno\n|t:|1776783223\n|gametype|singles\n|player|p1|Keyan_Sans|hugh|1368\n|player|p2|Elphilomeno|volkner|1386\n|gen|9\n|tier|[Gen 9 Champions] BSS Reg M-A\n|rated|\n|rule|Species Clause: Limit one of each Pok\u00e9mon\n|rule|Item Clause: Limit 1 of each item\n|clearpoke\n|poke|p1|Gyarados, L50, F|\n|poke|p1|Scizor, L50, F|\n|poke|p1|Garchomp, L50, F|\n|poke|p1|Meowscarada, L50, F|\n|poke|p1|Gengar, L50, F|\n|poke|p1|Primarina, L50, F|\n|poke|p2|Samurott-Hisui, L50, M|\n|poke|p2|Aegislash, L50, M|\n|poke|p2|Gyarados, L50, M|\n|poke|p2|Volcarona, L50, F|\n|poke|p2|Froslass, L50, F|\n|poke|p2|Rotom-Wash, L50|\n|teampreview|3\n|inactive|Battle timer is ON: inactive players will automatically lose when time's up. (requested by Keyan_Sans)\n|inactive|Elphilomeno also wants the timer to be on.\n|inactive|Keyan_Sans has 60 seconds left.\n|\n|t:|1776783257\n|teamsize|p1|3\n|teamsize|p2|3\n|start\n|switch|p1a: Meowscarada|Meowscarada, L50, F|100/100\n|switch|p2a: Samurott|Samurott-Hisui, L50, M|100/100\n|turn|1\n|\n|t:|1776783262\n|move|p1a: Meowscarada|U-turn|p2a: Samurott\n|-start|p1a: Meowscarada|typechange|Bug|[from] ability: Protean\n|-supereffective|p2a: Samurott|1\n|-damage|p2a: Samurott|18/100\n|\n|t:|1776783267\n|switch|p1a: Primarina|Primarina, L50, F|100/100|[from] U-turn\n|move|p2a: Samurott|Ceaseless Edge|p1a: Primarina\n|-resisted|p1a: Primarina|1\n|-damage|p1a: Primarina|79/100\n|-sidestart|p1: Keyan_Sans|Spikes\n|\n|-heal|p1a: Primarina|85/100|[from] item: Leftovers\n|upkeep\n|turn|2\n|\n|t:|1776783276\n|move|p2a: Samurott|Razor Shell|p1a: Primarina\n|-resisted|p1a: Primarina|1\n|-damage|p1a: Primarina|64/100\n|move|p1a: Primarina|Calm Mind|p1a: Primarina\n|-boost|p1a: Primarina|spa|1\n|-boost|p1a: Primarina|spd|1\n|\n|-heal|p1a: Primarina|69/100|[from] item: Leftovers\n|upkeep\n|turn|3\n|\n|t:|1776783284\n|move|p2a: Samurott|Encore|p1a: Primarina\n|-start|p1a: Primarina|Encore\n|move|p1a: Primarina|Calm Mind|p1a: Primarina\n|-boost|p1a: Primarina|spa|1\n|-boost|p1a: Primarina|spd|1\n|\n|-heal|p1a: Primarina|75/100|[from] item: Leftovers\n|upkeep\n|turn|4\n|\n|t:|1776783291\n|move|p2a: Samurott|Ceaseless Edge|p1a: Primarina|[miss]\n|-miss|p2a: Samurott|p1a: Primarina\n|move|p1a: Primarina|Calm Mind|p1a: Primarina\n|-boost|p1a: Primarina|spa|1\n|-boost|p1a: Primarina|spd|1\n|\n|-heal|p1a: Primarina|81/100|[from] item: Leftovers\n|upkeep\n|turn|5\n|\n|t:|1776783299\n|move|p2a: Samurott|Razor Shell|p1a: Primarina\n|-resisted|p1a: Primarina|1\n|-damage|p1a: Primarina|60/100\n|move|p1a: Primarina|Calm Mind|p1a: Primarina\n|-boost|p1a: Primarina|spa|1\n|-boost|p1a: Primarina|spd|1\n|\n|-heal|p1a: Primarina|66/100|[from] item: Leftovers\n|-end|p1a: Primarina|Encore\n|upkeep\n|turn|6\n|\n|t:|1776783308\n|move|p2a: Samurott|Encore|p1a: Primarina\n|-start|p1a: Primarina|Encore\n|move|p1a: Primarina|Calm Mind|p1a: Primarina\n|-boost|p1a: Primarina|spa|1\n|-boost|p1a: Primarina|spd|1\n|\n|-heal|p1a: Primarina|72/100|[from] item: Leftovers\n|upkeep\n|turn|7\n|\n|t:|1776783314\n|move|p2a: Samurott|Razor Shell|p1a: Primarina\n|-resisted|p1a: Primarina|1\n|-damage|p1a: Primarina|50/100\n|-unboost|p1a: Primarina|def|1\n|move|p1a: Primarina|Calm Mind|p1a: Primarina\n|-boost|p1a: Primarina|spa|1\n|-boost|p1a: Primarina|spd|1\n|\n|-heal|p1a: Primarina|56/100|[from] item: Leftovers\n|upkeep\n|turn|8\n|\n|t:|1776783324\n|switch|p1a: Meowscarada|Meowscarada, L50, F|100/100\n|-damage|p1a: Meowscarada|89/100|[from] Spikes\n|move|p2a: Samurott|Razor Shell|p1a: Meowscarada\n|-resisted|p1a: Meowscarada|1\n|-damage|p1a: Meowscarada|45/100\n|-unboost|p1a: Meowscarada|def|1\n|\n|upkeep\n|turn|9\n|\n|t:|1776783332\n|move|p2a: Samurott|Aqua Jet|p1a: Meowscarada\n|-resisted|p1a: Meowscarada|1\n|-damage|p1a: Meowscarada|20/100\n|move|p1a: Meowscarada|U-turn|p2a: Samurott\n|-start|p1a: Meowscarada|typechange|Bug|[from] ability: Protean\n|-supereffective|p2a: Samurott|1\n|-damage|p2a: Samurott|0 fnt\n|faint|p2a: Samurott\n|\n|t:|1776783344\n|switch|p1a: Gyarados|Gyarados, L50, F|100/100|[from] U-turn\n|\n|upkeep\n|\n|t:|1776783349\n|switch|p2a: Froslass|Froslass, L50, F|100/100\n|turn|10\n|\n|t:|1776783360\n|detailschange|p2a: Froslass|Froslass-Mega, L50, F\n|-mega|p2a: Froslass|Froslass|Froslassite\n|-weather|Snowscape|[from] ability: Snow Warning|[of] p2a: Froslass\n|detailschange|p1a: Gyarados|Gyarados-Mega, L50, F\n|-mega|p1a: Gyarados|Gyarados|Gyaradosite\n|-ability|p1a: Gyarados|Mold Breaker\n|move|p2a: Froslass|Will-O-Wisp|p1a: Gyarados\n|-status|p1a: Gyarados|brn\n|move|p1a: Gyarados|Dragon Dance|p1a: Gyarados\n|-boost|p1a: Gyarados|atk|1\n|-boost|p1a: Gyarados|spe|1\n|\n|-weather|Snowscape|[upkeep]\n|-damage|p1a: Gyarados|95/100 brn|[from] brn\n|upkeep\n|turn|11\n|c|\u2606Keyan_Sans|What\n|\n|t:|1776783374\n|move|p1a: Gyarados|Dragon Dance|p1a: Gyarados\n|-boost|p1a: Gyarados|atk|1\n|-boost|p1a: Gyarados|spe|1\n|move|p2a: Froslass|Aurora Veil|p2a: Froslass\n|-sidestart|p2: Elphilomeno|move: Aurora Veil\n|\n|-weather|Snowscape|[upkeep]\n|-damage|p1a: Gyarados|89/100 brn|[from] brn\n|upkeep\n|turn|12\n|c|\u2606Keyan_Sans|No one use Will-O-Wisp on  Mega Froslass\n|c|\u2606Elphilomeno|I do\n|c|\u2606Keyan_Sans|Rotom-Wash suppose have this role\n|inactive|Keyan_Sans has 30 seconds left.\n|\n|t:|1776783399\n|move|p1a: Gyarados|Dragon Dance|p1a: Gyarados\n|-boost|p1a: Gyarados|atk|1\n|-boost|p1a: Gyarados|spe|1\n|move|p2a: Froslass|Hex|p1a: Gyarados\n|-resisted|p1a: Gyarados|1\n|-damage|p1a: Gyarados|59/100 brn\n|\n|-weather|Snowscape|[upkeep]\n|-damage|p1a: Gyarados|53/100 brn|[from] brn\n|upkeep\n|turn|13\n|\n|t:|1776783407\n|move|p1a: Gyarados|Waterfall|p2a: Froslass\n|-damage|p2a: Froslass|69/100\n|move|p2a: Froslass|Hex|p1a: Gyarados\n|-resisted|p1a: Gyarados|1\n|-crit|p1a: Gyarados\n|-damage|p1a: Gyarados|6/100 brn\n|\n|-weather|Snowscape|[upkeep]\n|-damage|p1a: Gyarados|0 fnt|[from] brn\n|faint|p1a: Gyarados\n|upkeep\n|\n|t:|1776783410\n|switch|p1a: Primarina|Primarina, L50, F|56/100\n|-damage|p1a: Primarina|44/100|[from] Spikes\n|turn|14\n|\n|t:|1776783420\n|move|p2a: Froslass|Will-O-Wisp|p1a: Primarina|[miss]\n|-miss|p2a: Froslass|p1a: Primarina\n|move|p1a: Primarina|Calm Mind|p1a: Primarina\n|-boost|p1a: Primarina|spa|1\n|-boost|p1a: Primarina|spd|1\n|\n|-weather|none\n|-heal|p1a: Primarina|50/100|[from] item: Leftovers\n|upkeep\n|turn|15\n|\n|t:|1776783428\n|move|p2a: Froslass|Will-O-Wisp|p1a: Primarina\n|-status|p1a: Primarina|brn\n|move|p1a: Primarina|Draining Kiss|p2a: Froslass\n|-damage|p2a: Froslass|51/100\n|-heal|p1a: Primarina|60/100 brn|[from] drain|[of] p2a: Froslass\n|\n|-heal|p1a: Primarina|66/100 brn|[from] item: Leftovers\n|-damage|p1a: Primarina|60/100 brn|[from] brn\n|-sideend|p2: Elphilomeno|move: Aurora Veil\n|upkeep\n|turn|16\n|\n|t:|1776783439\n|move|p2a: Froslass|Hex|p1a: Primarina\n|-damage|p1a: Primarina|23/100 brn\n|move|p1a: Primarina|Draining Kiss|p2a: Froslass\n|-damage|p2a: Froslass|15/100\n|-heal|p1a: Primarina|44/100 brn|[from] drain|[of] p2a: Froslass\n|\n|-heal|p1a: Primarina|50/100 brn|[from] item: Leftovers\n|-damage|p1a: Primarina|44/100 brn|[from] brn\n|upkeep\n|turn|17\n|\n|t:|1776783448\n|move|p2a: Froslass|Hex|p1a: Primarina\n|-damage|p1a: Primarina|5/100 brn\n|move|p1a: Primarina|Draining Kiss|p2a: Froslass\n|-damage|p2a: Froslass|0 fnt\n|-heal|p1a: Primarina|14/100 brn|[from] drain|[of] p2a: Froslass\n|faint|p2a: Froslass\n|\n|-heal|p1a: Primarina|20/100 brn|[from] item: Leftovers\n|-damage|p1a: Primarina|14/100 brn|[from] brn\n|upkeep\n|\n|t:|1776783458\n|switch|p2a: Aegislash|Aegislash, L50, M|100/100\n|turn|18\n|\n|t:|1776783466\n|move|p1a: Primarina|Sparkling Aria|p2a: Aegislash\n|-damage|p2a: Aegislash|32/100\n|move|p2a: Aegislash|Swords Dance|p2a: Aegislash\n|-boost|p2a: Aegislash|atk|2\n|\n|-heal|p1a: Primarina|20/100 brn|[from] item: Leftovers\n|-damage|p1a: Primarina|14/100 brn|[from] brn\n|upkeep\n|turn|19\n|\n|t:|1776783474\n|-formechange|p2a: Aegislash|Aegislash-Blade|\n|move|p2a: Aegislash|Shadow Sneak|p1a: Primarina\n|-damage|p1a: Primarina|0 fnt\n|faint|p1a: Primarina\n|\n|upkeep\n|\n|t:|1776783477\n|switch|p1a: Meowscarada|Meowscarada, L50, F|20/100\n|-damage|p1a: Meowscarada|8/100|[from] Spikes\n|turn|20\n|j| holyonion\n|\n|t:|1776783481\n|move|p2a: Aegislash|Shadow Sneak|p1a: Meowscarada\n|-resisted|p1a: Meowscarada|1\n|-damage|p1a: Meowscarada|0 fnt\n|faint|p1a: Meowscarada\n|\n|win|Elphilomeno\n|raw|Keyan_Sans's rating: 1349 &rarr; <strong>1331</strong><br />(-18 for losing)\n|raw|Elphilomeno's rating: 1386 &rarr; <strong>1404</strong><br />(+18 for winning)\n|l|\u2606Keyan_Sans\n|player|p1|\n|l| holyonion\n", "uploadtime": 1776783509, "views": 9, "formatid": "gen9championsbssregma", "rating": 1331, "private": 0, "password": null}