{"id": "gen9championsbssregma-2589655348", "format": "[Gen 9 Champions] BSS Reg M-A", "players": ["SpectralSlayer", "lligand"], "log": "|j|\u2606SpectralSlayer\n|j|\u2606lligand\n|t:|1776743596\n|gametype|singles\n|player|p1|SpectralSlayer|n|1324\n|player|p2|lligand|2|1378\n|gen|9\n|tier|[Gen 9 Champions] BSS Reg M-A\n|rated|\n|rule|Species Clause: Limit one of each Pok\u00e9mon\n|rule|Item Clause: Limit 1 of each item\n|clearpoke\n|poke|p1|Delphox, L50, F|\n|poke|p1|Starmie, L50|\n|poke|p1|Ditto, L50|\n|poke|p1|Kleavor, L50, F|\n|poke|p1|Blastoise, L50, M|\n|poke|p1|Primarina, L50, F|\n|poke|p2|Dragapult, L50, M|\n|poke|p2|Venusaur, L50, M|\n|poke|p2|Corviknight, L50, F|\n|poke|p2|Hydreigon, L50, F|\n|poke|p2|Milotic, L50, F|\n|poke|p2|Manectric, L50, M|\n|teampreview|3\n|inactive|Battle timer is ON: inactive players will automatically lose when time's up. (requested by SpectralSlayer)\n|\n|t:|1776743620\n|teamsize|p1|3\n|teamsize|p2|3\n|start\n|switch|p1a: Kleavor|Kleavor, L50, F|100/100\n|switch|p2a: Dragapult|Dragapult, L50, M|100/100\n|turn|1\n|\n|t:|1776743625\n|move|p2a: Dragapult|Will-O-Wisp|p1a: Kleavor\n|-status|p1a: Kleavor|brn\n|move|p1a: Kleavor|Stone Axe|p2a: Dragapult\n|-damage|p2a: Dragapult|59/100\n|-sidestart|p2: lligand|move: Stealth Rock\n|\n|-damage|p1a: Kleavor|94/100 brn|[from] brn\n|upkeep\n|turn|2\n|\n|t:|1776743635\n|move|p2a: Dragapult|Dragon Dance|p2a: Dragapult\n|-boost|p2a: Dragapult|atk|1\n|-boost|p2a: Dragapult|spe|1\n|move|p1a: Kleavor|Stone Axe|p2a: Dragapult\n|-damage|p2a: Dragapult|18/100\n|\n|-damage|p1a: Kleavor|88/100 brn|[from] brn\n|upkeep\n|turn|3\n|\n|t:|1776743641\n|move|p2a: Dragapult|Dragon Darts|p1a: Kleavor\n|-damage|p1a: Kleavor|43/100 brn\n|-anim|p2a: Dragapult|Dragon Darts|p1a: Kleavor\n|-damage|p1a: Kleavor|0 fnt\n|faint|p1a: Kleavor\n|\n|upkeep\n|\n|t:|1776743647\n|switch|p1a: Ditto|Ditto, L50|100/100\n|-transform|p1a: Ditto|p2a: Dragapult|[from] ability: Imposter\n|turn|4\n|\n|t:|1776743652\n|move|p1a: Ditto|Dragon Darts|p2a: Dragapult\n|-supereffective|p2a: Dragapult|1\n|-damage|p2a: Dragapult|0 fnt\n|faint|p2a: Dragapult\n|\n|upkeep\n|\n|t:|1776743660\n|switch|p2a: Manectric|Manectric, L50, M|100/100\n|-damage|p2a: Manectric|88/100|[from] Stealth Rock\n|turn|5\n|j| p74\n|\n|t:|1776743665\n|detailschange|p2a: Manectric|Manectric-Mega, L50, M\n|-mega|p2a: Manectric|Manectric|Manectite\n|-ability|p2a: Manectric|Intimidate|boost\n|-unboost|p1a: Ditto|atk|1\n|move|p1a: Ditto|Dragon Darts|p2a: Manectric\n|-damage|p2a: Manectric|55/100\n|-anim|p1a: Ditto|Dragon Darts|p2a: Manectric\n|-damage|p2a: Manectric|22/100\n|move|p2a: Manectric|Snarl|p1a: Ditto\n|-supereffective|p1a: Ditto|1\n|-damage|p1a: Ditto|46/100\n|-unboost|p1a: Ditto|spa|1\n|\n|upkeep\n|turn|6\n|\n|t:|1776743677\n|move|p1a: Ditto|Dragon Darts|p2a: Manectric\n|-damage|p2a: Manectric|0 fnt\n|faint|p2a: Manectric\n|\n|upkeep\n|\n|t:|1776743678\n|switch|p2a: Milotic|Milotic, L50, F|100/100\n|-damage|p2a: Milotic|88/100|[from] Stealth Rock\n|turn|7\n|\n|t:|1776743681\n|move|p1a: Ditto|Dragon Darts|p2a: Milotic\n|-damage|p2a: Milotic|64/100\n|-anim|p1a: Ditto|Dragon Darts|p2a: Milotic\n|-damage|p2a: Milotic|39/100\n|-enditem|p2a: Milotic|Sitrus Berry|[eat]\n|-heal|p2a: Milotic|63/100|[from] item: Sitrus Berry\n|move|p2a: Milotic|Icy Wind|p1a: Ditto\n|-supereffective|p1a: Ditto|1\n|-damage|p1a: Ditto|11/100\n|-unboost|p1a: Ditto|spe|1\n|\n|upkeep\n|turn|8\n|\n|t:|1776743689\n|move|p1a: Ditto|Dragon Darts|p2a: Milotic\n|-damage|p2a: Milotic|37/100\n|-anim|p1a: Ditto|Dragon Darts|p2a: Milotic\n|-damage|p2a: Milotic|11/100\n|move|p2a: Milotic|Recover|p2a: Milotic\n|-heal|p2a: Milotic|61/100\n|\n|upkeep\n|turn|9\n|\n|t:|1776743698\n|-activate|p1a: Ditto|move: Struggle\n|move|p1a: Ditto|Struggle|p2a: Milotic\n|-damage|p2a: Milotic|45/100\n|-damage|p1a: Ditto|0 fnt|[from] recoil\n|faint|p1a: Ditto\n|move|p2a: Milotic|Recover|p2a: Milotic\n|-heal|p2a: Milotic|95/100\n|\n|upkeep\n|\n|t:|1776743704\n|switch|p1a: Delphox|Delphox, L50, F|100/100\n|turn|10\n|\n|t:|1776743711\n|detailschange|p1a: Delphox|Delphox-Mega, L50, F\n|-mega|p1a: Delphox|Delphox|Delphoxite\n|move|p1a: Delphox|Grass Knot|p2a: Milotic\n|-supereffective|p2a: Milotic|1\n|-damage|p2a: Milotic|46/100\n|move|p2a: Milotic|Scald|p1a: Delphox\n|-supereffective|p1a: Delphox|1\n|-damage|p1a: Delphox|41/100\n|\n|upkeep\n|turn|11\n|\n|t:|1776743720\n|move|p1a: Delphox|Grass Knot|p2a: Milotic\n|-supereffective|p2a: Milotic|1\n|-damage|p2a: Milotic|0 fnt\n|faint|p2a: Milotic\n|\n|win|SpectralSlayer\n|raw|SpectralSlayer's rating: 1324 &rarr; <strong>1347</strong><br />(+23 for winning)\n|raw|lligand's rating: 1378 &rarr; <strong>1355</strong><br />(-23 for losing)\n|l|\u2606lligand\n|player|p2|\n|l|\u2606SpectralSlayer\n|player|p1|\n|j| patchpico\n|l| patchpico\n", "uploadtime": 1776743791, "views": 0, "formatid": "gen9championsbssregma", "rating": 1347, "private": 0, "password": null}