{"id": "gen9championsbssregma-2591409846", "format": "[Gen 9 Champions] BSS Reg M-A", "players": ["mega.CHIVA", "galcrosscr"], "log": "|j|\u2606mega.CHIVA\n|j|\u2606galcrosscr\n|t:|1776896725\n|gametype|singles\n|player|p1|mega.CHIVA|unknown|1133\n|player|p2|galcrosscr|n|1180\n|gen|9\n|tier|[Gen 9 Champions] BSS Reg M-A\n|rated|\n|rule|Species Clause: Limit one of each Pok\u00e9mon\n|rule|Item Clause: Limit 1 of each item\n|clearpoke\n|poke|p1|Gallade, L50, M|\n|poke|p1|Garchomp, L50, M|\n|poke|p1|Hawlucha, L50, M|\n|poke|p1|Sylveon, L50, F|\n|poke|p1|Greninja, L50, M|\n|poke|p1|Blastoise, L50, M|\n|poke|p2|Scizor, L50, M|\n|poke|p2|Ceruledge, L50, M, shiny|\n|poke|p2|Primarina, L50, F|\n|poke|p2|Archaludon, L50, M|\n|poke|p2|Aerodactyl, L50, M, shiny|\n|poke|p2|Garchomp, L50, M, shiny|\n|teampreview|3\n|\n|t:|1776896747\n|teamsize|p1|3\n|teamsize|p2|3\n|start\n|switch|p1a: Sylveon|Sylveon, L50, F|100/100\n|switch|p2a: Scizor|Scizor, L50, M|100/100\n|turn|1\n|inactive|Battle timer is ON: inactive players will automatically lose when time's up. (requested by galcrosscr)\n|\n|t:|1776896754\n|detailschange|p2a: Scizor|Scizor-Mega, L50, M\n|-mega|p2a: Scizor|Scizor|Scizorite\n|move|p2a: Scizor|Swords Dance|p2a: Scizor\n|-boost|p2a: Scizor|atk|2\n|move|p1a: Sylveon|Mystical Fire|p2a: Scizor\n|-supereffective|p2a: Scizor|2\n|-damage|p2a: Scizor|1/100\n|-unboost|p2a: Scizor|spa|1\n|\n|upkeep\n|turn|2\n|\n|t:|1776896764\n|switch|p1a: Garchomp|Garchomp, L50, M|100/100\n|move|p2a: Scizor|Bullet Punch|p1a: Garchomp\n|-damage|p1a: Garchomp|39/100\n|-damage|p2a: Scizor|0 fnt|[from] ability: Rough Skin|[of] p1a: Garchomp\n|faint|p2a: Scizor\n|\n|upkeep\n|\n|t:|1776896773\n|switch|p2a: Ceruledge|Ceruledge, L50, M, shiny|100/100\n|turn|3\n|\n|t:|1776896779\n|move|p2a: Ceruledge|Bitter Blade|p1a: Garchomp\n|-resisted|p1a: Garchomp|1\n|-damage|p1a: Garchomp|18/100\n|-damage|p2a: Ceruledge|88/100|[from] ability: Rough Skin|[of] p1a: Garchomp\n|move|p1a: Garchomp|Earthquake|p2a: Ceruledge\n|-supereffective|p2a: Ceruledge|1\n|-damage|p2a: Ceruledge|0 fnt\n|faint|p2a: Ceruledge\n|\n|upkeep\n|\n|t:|1776896789\n|switch|p2a: Primarina|Primarina, L50, F|100/100\n|turn|4\n|\n|t:|1776896793\n|move|p1a: Garchomp|Earthquake|p2a: Primarina\n|-damage|p2a: Primarina|35/100\n|-enditem|p2a: Primarina|Sitrus Berry|[eat]\n|-heal|p2a: Primarina|59/100|[from] item: Sitrus Berry\n|move|p2a: Primarina|Moonblast|p1a: Garchomp\n|-supereffective|p1a: Garchomp|1\n|-damage|p1a: Garchomp|0 fnt\n|faint|p1a: Garchomp\n|\n|upkeep\n|\n|t:|1776896804\n|switch|p1a: Sylveon|Sylveon, L50, F|100/100\n|turn|5\n|\n|t:|1776896808\n|move|p2a: Primarina|Sparkling Aria|p1a: Sylveon\n|-damage|p1a: Sylveon|62/100\n|move|p1a: Sylveon|Hyper Voice|p2a: Primarina\n|-damage|p2a: Primarina|3/100\n|\n|upkeep\n|turn|6\n|-message|galcrosscr forfeited.\n|\n|win|mega.CHIVA\n|raw|mega.CHIVA's rating: 1133 &rarr; <strong>1161</strong><br />(+28 for winning)\n|raw|galcrosscr's rating: 1180 &rarr; <strong>1152</strong><br />(-28 for losing)\n|l|\u2606galcrosscr\n|player|p2|\n", "uploadtime": 1776896822, "views": 6, "formatid": "gen9championsbssregma", "rating": 1152, "private": 0, "password": null}