{"id": "gen9championsbssregma-2593440971", "format": "[Gen 9 Champions] BSS Reg M-A", "players": ["Ineedaonetype", "kerom.pk"], "log": "|j|\u2606Ineedaonetype\n|j|\u203dkerom.pk\n|t:|1777082701\n|gametype|singles\n|player|p1|Ineedaonetype|266|1464\n|player|p2|kerom.pk|2|1490\n|gen|9\n|tier|[Gen 9 Champions] BSS Reg M-A\n|rated|\n|rule|Species Clause: Limit one of each Pok\u00e9mon\n|rule|Item Clause: Limit 1 of each item\n|clearpoke\n|poke|p1|Arcanine-Hisui, L50, F|\n|poke|p1|Garchomp, L50, F|\n|poke|p1|Corviknight, L50, M|\n|poke|p1|Scovillain, L50, F|\n|poke|p1|Palafin, L50, M|\n|poke|p1|Dragonite, L50, F|\n|poke|p2|Basculegion, L50, M|\n|poke|p2|Chesnaught, L50, F|\n|poke|p2|Slowking-Galar, L50, F|\n|poke|p2|Diggersby, L50, M|\n|poke|p2|Dragonite, L50, F|\n|poke|p2|Kingambit, L50, M|\n|teampreview|3\n|inactive|Battle timer is ON: inactive players will automatically lose when time's up. (requested by kerom.pk)\n|\n|t:|1777082728\n|teamsize|p1|3\n|teamsize|p2|3\n|start\n|switch|p1a: Palafin|Palafin, L50, M|100/100\n|switch|p2a: Basculegion|Basculegion, L50, M|100/100\n|turn|1\n|\n|t:|1777082737\n|detailschange|p1a: Palafin|Palafin-Hero, L50, M\n|switch|p1a: Scovillain|Scovillain, L50, F|100/100\n|move|p2a: Basculegion|Wave Crash|p1a: Scovillain\n|-damage|p1a: Scovillain|0 fnt\n|faint|p1a: Scovillain\n|-damage|p2a: Basculegion|71/100|[from] Recoil\n|\n|upkeep\n|\n|t:|1777082749\n|switch|p1a: Palafin|Palafin-Hero, L50, M|100/100\n|-activate|p1a: Palafin|ability: Zero to Hero\n|turn|2\n|\n|t:|1777082752\n|switch|p2a: Chesnaught|Chesnaught, L50, F|100/100\n|move|p1a: Palafin|Bulk Up|p1a: Palafin\n|-boost|p1a: Palafin|atk|1\n|-boost|p1a: Palafin|def|1\n|\n|upkeep\n|turn|3\n|\n|t:|1777082758\n|detailschange|p2a: Chesnaught|Chesnaught-Mega, L50, F\n|-mega|p2a: Chesnaught|Chesnaught|Chesnaughtite\n|move|p1a: Palafin|Wave Crash|p2a: Chesnaught\n|-resisted|p2a: Chesnaught|1\n|-damage|p2a: Chesnaught|68/100\n|-damage|p1a: Palafin|90/100|[from] Recoil\n|move|p2a: Chesnaught|Iron Defense|p2a: Chesnaught\n|-boost|p2a: Chesnaught|def|2\n|\n|-heal|p1a: Palafin|96/100|[from] item: Leftovers\n|upkeep\n|turn|4\n|\n|t:|1777082767\n|switch|p1a: Garchomp|Garchomp, L50, F|100/100\n|move|p2a: Chesnaught|Iron Defense|p2a: Chesnaught\n|-boost|p2a: Chesnaught|def|2\n|\n|upkeep\n|turn|5\n|\n|t:|1777082780\n|move|p1a: Garchomp|Outrage|p2a: Chesnaught\n|-crit|p2a: Chesnaught\n|-damage|p2a: Chesnaught|20/100\n|move|p2a: Chesnaught|Body Press|p1a: Garchomp\n|-damage|p1a: Garchomp|0 fnt\n|-damage|p2a: Chesnaught|8/100|[from] ability: Rough Skin|[of] p1a: Garchomp\n|faint|p1a: Garchomp\n|\n|upkeep\n|\n|t:|1777082782\n|switch|p1a: Palafin|Palafin-Hero, L50, M|96/100\n|turn|6\n|\n|t:|1777082788\n|move|p1a: Palafin|Wave Crash|p2a: Chesnaught\n|-resisted|p2a: Chesnaught|1\n|-crit|p2a: Chesnaught\n|-damage|p2a: Chesnaught|0 fnt\n|faint|p2a: Chesnaught\n|-damage|p1a: Palafin|94/100|[from] Recoil\n|\n|-heal|p1a: Palafin|99/100|[from] item: Leftovers\n|upkeep\n|\n|t:|1777082811\n|switch|p2a: Slowking|Slowking-Galar, L50, F|100/100\n|turn|7\n|j| toppo23\n|\n|t:|1777082822\n|move|p1a: Palafin|Bulk Up|p1a: Palafin\n|-boost|p1a: Palafin|atk|1\n|-boost|p1a: Palafin|def|1\n|move|p2a: Slowking|Sludge Bomb|p1a: Palafin\n|-damage|p1a: Palafin|67/100\n|\n|-heal|p1a: Palafin|73/100|[from] item: Leftovers\n|upkeep\n|turn|8\n|\n|t:|1777082826\n|move|p1a: Palafin|Bulk Up|p1a: Palafin\n|-boost|p1a: Palafin|atk|1\n|-boost|p1a: Palafin|def|1\n|move|p2a: Slowking|Sludge Bomb|p1a: Palafin\n|-damage|p1a: Palafin|42/100\n|\n|-heal|p1a: Palafin|48/100|[from] item: Leftovers\n|upkeep\n|turn|9\n|\n|t:|1777082835\n|move|p1a: Palafin|Drain Punch|p2a: Slowking\n|-resisted|p2a: Slowking|2\n|-damage|p2a: Slowking|83/100\n|-heal|p1a: Palafin|57/100|[from] drain|[of] p2a: Slowking\n|move|p2a: Slowking|Sludge Bomb|p1a: Palafin\n|-damage|p1a: Palafin|24/100\n|-status|p1a: Palafin|psn\n|\n|-heal|p1a: Palafin|30/100 psn|[from] item: Leftovers\n|-heal|p2a: Slowking|89/100|[from] item: Leftovers\n|-damage|p1a: Palafin|18/100 psn|[from] psn\n|upkeep\n|turn|10\n|\n|t:|1777082838\n|move|p1a: Palafin|Wave Crash|p2a: Slowking\n|-crit|p2a: Slowking\n|-damage|p2a: Slowking|0 fnt\n|faint|p2a: Slowking\n|-damage|p1a: Palafin|0 fnt|[from] Recoil\n|faint|p1a: Palafin\n|\n|win|kerom.pk\n|raw|Ineedaonetype's rating: 1464 &rarr; <strong>1445</strong><br />(-19 for losing)\n|raw|kerom.pk's rating: 1490 &rarr; <strong>1509</strong><br />(+19 for winning)\n|l|\u203dkerom.pk\n|player|p2|\n", "uploadtime": 1777082953, "views": 2, "formatid": "gen9championsbssregma", "rating": 1445, "private": 0, "password": null}