{"id": "gen9championsbssregma-2585440247", "format": "[Gen 9 Champions] BSS Reg M-A", "players": ["silux h'kimix", "Keyan_Sans"], "log": "|j|\u2606silux h'kimix\n|j|\u2606Keyan_Sans\n|t:|1776347443\n|gametype|singles\n|player|p1|silux h'kimix|hilbert|1131\n|player|p2|Keyan_Sans|hugh|1167\n|gen|9\n|tier|[Gen 9 Champions] BSS Reg M-A\n|rated|\n|rule|Species Clause: Limit one of each Pok\u00e9mon\n|rule|Item Clause: Limit 1 of each item\n|clearpoke\n|poke|p1|Charizard, L50, M|\n|poke|p1|Greninja-*, L50, M|\n|poke|p1|Meowscarada, L50, M|\n|poke|p1|Archaludon, L50, F|\n|poke|p1|Ceruledge, L50, M|\n|poke|p1|Dragonite, L50, M|\n|poke|p2|Delphox, L50, M|\n|poke|p2|Orthworm, L50, M|\n|poke|p2|Azumarill, L50, F|\n|poke|p2|Mimikyu, L50, F|\n|poke|p2|Sneasler, L50, M|\n|poke|p2|Hatterene, L50, F|\n|teampreview|3\n|inactive|Battle timer is ON: inactive players will automatically lose when time's up. (requested by Keyan_Sans)\n|inactive|silux h'kimix has 60 seconds left.\n|inactive|Keyan_Sans has 60 seconds left.\n|\n|t:|1776347492\n|teamsize|p1|3\n|teamsize|p2|3\n|start\n|switch|p1a: Meowscarada|Meowscarada, L50, M|100/100\n|switch|p2a: Orthworm|Orthworm, L50, M|100/100\n|turn|1\n|\n|t:|1776347501\n|switch|p1a: Charizard|Charizard, L50, M|100/100\n|move|p2a: Orthworm|Shed Tail|p2a: Orthworm\n|-start|p2a: Orthworm|Substitute|[from] move: Shed Tail\n|-damage|p2a: Orthworm|50/100\n|inactive|Keyan_Sans has 30 seconds left.\n|inactive|Keyan_Sans has 20 seconds left.\n|\n|t:|1776347538\n|switch|p2a: Mimikyu|Mimikyu, L50, F|100/100|[from] Shed Tail\n|\n|upkeep\n|turn|2\n|\n|t:|1776347555\n|switch|p1a: Meowscarada|Meowscarada, L50, M|100/100\n|move|p2a: Mimikyu|Swords Dance|p2a: Mimikyu\n|-boost|p2a: Mimikyu|atk|2\n|\n|upkeep\n|turn|3\n|\n|t:|1776347562\n|move|p1a: Meowscarada|Triple Axel|p2a: Mimikyu|[miss]\n|-start|p1a: Meowscarada|typechange|Ice|[from] ability: Protean\n|-miss|p1a: Meowscarada|p2a: Mimikyu\n|move|p2a: Mimikyu|Play Rough|p1a: Meowscarada\n|-damage|p1a: Meowscarada|7/100\n|\n|upkeep\n|turn|4\n|\n|t:|1776347570\n|move|p2a: Mimikyu|Shadow Sneak|p1a: Meowscarada\n|-damage|p1a: Meowscarada|0 fnt\n|faint|p1a: Meowscarada\n|\n|upkeep\n|\n|t:|1776347580\n|switch|p1a: Greninja|Greninja, L50, M|100/100\n|turn|5\n|inactive|Keyan_Sans has 30 seconds left.\n|\n|t:|1776347611\n|move|p1a: Greninja|Sludge Wave|p2a: Mimikyu\n|-start|p1a: Greninja|typechange|Poison|[from] ability: Protean\n|-end|p2a: Mimikyu|Substitute\n|move|p2a: Mimikyu|Play Rough|p1a: Greninja\n|-resisted|p1a: Greninja|1\n|-damage|p1a: Greninja|36/100\n|-unboost|p1a: Greninja|atk|1\n|\n|upkeep\n|turn|6\n|\n|t:|1776347625\n|move|p2a: Mimikyu|Shadow Sneak|p1a: Greninja\n|-damage|p1a: Greninja|0 fnt\n|faint|p1a: Greninja\n|\n|upkeep\n|\n|t:|1776347630\n|switch|p1a: Charizard|Charizard, L50, M|100/100\n|turn|7\n|\n|t:|1776347650\n|detailschange|p1a: Charizard|Charizard-Mega-X, L50, M\n|-mega|p1a: Charizard|Charizard|Charizardite X\n|move|p1a: Charizard|Dragon Dance|p1a: Charizard\n|-boost|p1a: Charizard|atk|1\n|-boost|p1a: Charizard|spe|1\n|move|p2a: Mimikyu|Shadow Claw|p1a: Charizard\n|-damage|p1a: Charizard|31/100\n|\n|upkeep\n|turn|8\n|c|\u2606Keyan_Sans|Gg\n|\n|t:|1776347660\n|move|p2a: Mimikyu|Shadow Sneak|p1a: Charizard\n|-damage|p1a: Charizard|0 fnt\n|faint|p1a: Charizard\n|\n|win|Keyan_Sans\n|raw|silux h&apos;kimix's rating: 1131 &rarr; <strong>1110</strong><br />(-21 for losing)\n|raw|Keyan_Sans's rating: 1187 &rarr; <strong>1208</strong><br />(+21 for winning)\n|l|\u2606silux h'kimix\n|player|p1|\n", "uploadtime": 1776347669, "views": 11, "formatid": "gen9championsbssregma", "rating": 1110, "private": 0, "password": null}