{"id": "gen9championsbssregma-2590579776", "format": "[Gen 9 Champions] BSS Reg M-A", "players": ["not master anymore", "Jayteejay10"], "log": "|j|\u2606not master anymore\n|j|\u2606Jayteejay10\n|t:|1776822979\n|gametype|singles\n|player|p1|not master anymore|266|1353\n|player|p2|Jayteejay10|officeworkerf-gen9|1391\n|gen|9\n|tier|[Gen 9 Champions] BSS Reg M-A\n|rated|\n|rule|Species Clause: Limit one of each Pok\u00e9mon\n|rule|Item Clause: Limit 1 of each item\n|clearpoke\n|poke|p1|Polteageist, L50|\n|poke|p1|Lopunny, L50, M|\n|poke|p1|Corviknight, L50, F|\n|poke|p1|Clefable, L50, M|\n|poke|p1|Tyranitar, L50, F|\n|poke|p1|Ninetales-Alola, L50, M|\n|poke|p2|Garchomp, L50, F|\n|poke|p2|Charizard, L50, F|\n|poke|p2|Corviknight, L50, F|\n|poke|p2|Kingambit, L50, M|\n|poke|p2|Clefable, L50, M|\n|poke|p2|Meowscarada, L50, F|\n|teampreview|3\n|j| Cold Steel III\n|\n|t:|1776823047\n|teamsize|p1|3\n|teamsize|p2|3\n|start\n|switch|p1a: Lopunny|Lopunny, L50, M|100/100\n|switch|p2a: Meowscarada|Meowscarada, L50, F|100/100\n|turn|1\n|inactive|Battle timer is ON: inactive players will automatically lose when time's up. (requested by not master anymore)\n|\n|t:|1776823057\n|switch|p2a: Garchomp|Garchomp, L50, F|100/100\n|move|p1a: Lopunny|Agility|p1a: Lopunny\n|-boost|p1a: Lopunny|spe|2\n|\n|upkeep\n|turn|2\n|\n|t:|1776823064\n|move|p1a: Lopunny|Cotton Guard|p1a: Lopunny\n|-boost|p1a: Lopunny|def|3\n|move|p2a: Garchomp|Dragon Tail|p1a: Lopunny\n|-damage|p1a: Lopunny|88/100\n|drag|p1a: Clefable|Clefable, L50, M|100/100\n|\n|upkeep\n|turn|3\n|\n|t:|1776823068\n|move|p2a: Garchomp|Stealth Rock|p1a: Clefable\n|-sidestart|p1: not master anymore|move: Stealth Rock\n|move|p1a: Clefable|Cosmic Power|p1a: Clefable\n|-boost|p1a: Clefable|def|1\n|-boost|p1a: Clefable|spd|1\n|\n|upkeep\n|turn|4\n|\n|t:|1776823073\n|switch|p2a: Clefable|Clefable, L50, M|100/100\n|move|p1a: Clefable|Cosmic Power|p1a: Clefable\n|-boost|p1a: Clefable|def|1\n|-boost|p1a: Clefable|spd|1\n|\n|upkeep\n|turn|5\n|inactive|not master anymore has 30 seconds left.\n|\n|t:|1776823098\n|move|p2a: Clefable|Calm Mind|p2a: Clefable\n|-boost|p2a: Clefable|spa|1\n|-boost|p2a: Clefable|spd|1\n|move|p1a: Clefable|Baton Pass|p1a: Clefable\n|\n|t:|1776823103\n|switch|p1a: Polteageist|Polteageist, L50|100/100|[from] Baton Pass\n|-damage|p1a: Polteageist|88/100|[from] Stealth Rock\n|\n|upkeep\n|turn|6\n|\n|t:|1776823107\n|move|p1a: Polteageist|Shell Smash|p1a: Polteageist\n|-unboost|p1a: Polteageist|def|1\n|-unboost|p1a: Polteageist|spd|1\n|-boost|p1a: Polteageist|atk|2\n|-boost|p1a: Polteageist|spa|2\n|-boost|p1a: Polteageist|spe|2\n|move|p2a: Clefable|Calm Mind|p2a: Clefable\n|-boost|p2a: Clefable|spa|1\n|-boost|p2a: Clefable|spd|1\n|\n|upkeep\n|turn|7\n|\n|t:|1776823116\n|move|p1a: Polteageist|Baton Pass|p1a: Polteageist\n|\n|t:|1776823117\n|switch|p1a: Clefable|Clefable, L50, M|100/100|[from] Baton Pass\n|-damage|p1a: Clefable|88/100|[from] Stealth Rock\n|move|p2a: Clefable|Calm Mind|p2a: Clefable\n|-boost|p2a: Clefable|spa|1\n|-boost|p2a: Clefable|spd|1\n|\n|upkeep\n|turn|8\n|\n|t:|1776823120\n|move|p1a: Clefable|Cosmic Power|p1a: Clefable\n|-boost|p1a: Clefable|def|1\n|-boost|p1a: Clefable|spd|1\n|move|p2a: Clefable|Moonblast|p1a: Clefable\n|-damage|p1a: Clefable|61/100\n|\n|upkeep\n|turn|9\n|\n|t:|1776823136\n|move|p1a: Clefable|Stored Power|p2a: Clefable\n|-damage|p2a: Clefable|65/100\n|move|p2a: Clefable|Moonblast|p1a: Clefable\n|-damage|p1a: Clefable|34/100\n|\n|upkeep\n|turn|10\n|c| Cold Steel III|Unaware battle\n|\n|t:|1776823149\n|move|p1a: Clefable|Stored Power|p2a: Clefable\n|-damage|p2a: Clefable|32/100\n|move|p2a: Clefable|Moonblast|p1a: Clefable\n|-damage|p1a: Clefable|7/100\n|-unboost|p1a: Clefable|spa|1\n|\n|upkeep\n|turn|11\n|\n|t:|1776823157\n|move|p1a: Clefable|Stored Power|p2a: Clefable\n|-damage|p2a: Clefable|4/100\n|move|p2a: Clefable|Moonblast|p1a: Clefable\n|-damage|p1a: Clefable|0 fnt\n|faint|p1a: Clefable\n|\n|upkeep\n|inactive|not master anymore has 30 seconds left.\n|c|\u2606Jayteejay10|ngl twin\n|c|\u2606Jayteejay10|u should be executed for this set-up\n|inactive|not master anymore has 20 seconds left.\n|inactive|not master anymore has 15 seconds left.\n|c|\u2606not master anymore|lol\n|inactive|not master anymore has 10 seconds left.\n|\n|t:|1776823203\n|switch|p1a: Lopunny|Lopunny, L50, M|88/100\n|-damage|p1a: Lopunny|75/100|[from] Stealth Rock\n|turn|12\n|\n|t:|1776823207\n|move|p1a: Lopunny|Agility|p1a: Lopunny\n|-boost|p1a: Lopunny|spe|2\n|move|p2a: Clefable|Moonlight|p2a: Clefable\n|-heal|p2a: Clefable|54/100\n|\n|upkeep\n|turn|13\n|\n|t:|1776823211\n|detailschange|p2a: Clefable|Clefable-Mega, L50, M\n|-mega|p2a: Clefable|Clefable|Clefablite\n|move|p1a: Lopunny|Encore|p2a: Clefable\n|move|p2a: Clefable|Encore||[from] ability: Magic Bounce|[still]\n|-fail|p2a: Clefable\n|move|p2a: Clefable|Moonlight|p2a: Clefable\n|-heal|p2a: Clefable|100/100\n|\n|upkeep\n|turn|14\n|c|\u2606not master anymore|wp\n|c|\u2606not master anymore|gg\n|c|\u2606Jayteejay10|IM SHIEST\n|c|\u2606Jayteejay10|GGS\n|-message|not master anymore forfeited.\n|\n|win|Jayteejay10\n|raw|not master anymore's rating: 1353 &rarr; <strong>1335</strong><br />(-18 for losing)\n|raw|Jayteejay10's rating: 1391 &rarr; <strong>1409</strong><br />(+18 for winning)\n|l|\u2606not master anymore\n|player|p1|\n", "uploadtime": 1776823238, "views": 7, "formatid": "gen9championsbssregma", "rating": 1335, "private": 0, "password": null}