{"id": "gen9championsbssregma-2590100045", "format": "[Gen 9 Champions] BSS Reg M-A", "players": ["mugen beastars", "Elphilomeno"], "log": "|j|\u2606mugen beastars\n|j|\u2606Elphilomeno\n|t:|1776786905\n|gametype|singles\n|player|p1|mugen beastars|101|1255\n|player|p2|Elphilomeno|volkner|1400\n|gen|9\n|tier|[Gen 9 Champions] BSS Reg M-A\n|rated|\n|rule|Species Clause: Limit one of each Pok\u00e9mon\n|rule|Item Clause: Limit 1 of each item\n|clearpoke\n|poke|p1|Volcarona, L50, M|\n|poke|p1|Floette-Eternal, L50, F|\n|poke|p1|Garchomp, L50, F|\n|poke|p1|Kangaskhan, L50, F|\n|poke|p1|Aegislash, L50, F|\n|poke|p1|Hydreigon, L50, F|\n|poke|p2|Samurott-Hisui, L50, F|\n|poke|p2|Aegislash, L50, F|\n|poke|p2|Gyarados, L50, M|\n|poke|p2|Volcarona, L50, M|\n|poke|p2|Froslass, L50, F|\n|poke|p2|Rotom-Wash, L50|\n|teampreview|3\n|inactive|Battle timer is ON: inactive players will automatically lose when time's up. (requested by Elphilomeno)\n|inactive|mugen beastars has 60 seconds left.\n|j|+DerpySuX\n|\n|t:|1776786952\n|teamsize|p1|3\n|teamsize|p2|3\n|start\n|switch|p1a: Floette|Floette-Eternal, L50, F|100/100\n|switch|p2a: Samurott|Samurott-Hisui, L50, F|100/100\n|turn|1\n|c|\u2606Elphilomeno|Hey DerpySux, how goes it?\n|c|\u2606Elphilomeno|Been a while since I battled on this account.\n|\n|t:|1776786961\n|detailschange|p1a: Floette|Floette-Mega, L50, F\n|-mega|p1a: Floette|Floette|Floettite\n|-ability|p1a: Floette|Fairy Aura\n|move|p2a: Samurott|Razor Shell|p1a: Floette\n|-damage|p1a: Floette|32/100\n|-unboost|p1a: Floette|def|1\n|move|p1a: Floette|Draining Kiss|p2a: Samurott\n|-supereffective|p2a: Samurott|1\n|-enditem|p2a: Samurott|Focus Sash\n|-damage|p2a: Samurott|1/100\n|-heal|p1a: Floette|100/100|[from] drain|[of] p2a: Samurott\n|\n|upkeep\n|turn|2\n|\n|t:|1776786978\n|switch|p1a: Garchomp|Garchomp, L50, F|100/100\n|move|p2a: Samurott|Ceaseless Edge|p1a: Garchomp\n|-damage|p1a: Garchomp|69/100\n|-damage|p2a: Samurott|0 fnt|[from] ability: Rough Skin|[of] p1a: Garchomp\n|faint|p2a: Samurott\n|\n|-heal|p1a: Garchomp|75/100|[from] item: Leftovers\n|upkeep\n|\n|t:|1776786988\n|switch|p2a: Gyarados|Gyarados, L50, M|100/100\n|-ability|p2a: Gyarados|Intimidate|boost\n|-unboost|p1a: Garchomp|atk|1\n|turn|3\n|\n|t:|1776786993\n|move|p2a: Gyarados|Dragon Dance|p2a: Gyarados\n|-boost|p2a: Gyarados|atk|1\n|-boost|p2a: Gyarados|spe|1\n|move|p1a: Garchomp|Dragon Tail|p2a: Gyarados\n|-damage|p2a: Gyarados|76/100\n|drag|p2a: Volcarona|Volcarona, L50, M|100/100\n|\n|-heal|p1a: Garchomp|81/100|[from] item: Leftovers\n|upkeep\n|turn|4\n|\n|t:|1776787003\n|move|p1a: Garchomp|Stealth Rock|p2a: Volcarona\n|-sidestart|p2: Elphilomeno|move: Stealth Rock\n|move|p2a: Volcarona|Bug Buzz|p1a: Garchomp\n|-damage|p1a: Garchomp|40/100\n|\n|-heal|p1a: Garchomp|46/100|[from] item: Leftovers\n|upkeep\n|turn|5\n|\n|t:|1776787013\n|move|p2a: Volcarona|Quiver Dance|p2a: Volcarona\n|-boost|p2a: Volcarona|spa|1\n|-boost|p2a: Volcarona|spd|1\n|-boost|p2a: Volcarona|spe|1\n|move|p1a: Garchomp|Dragon Tail|p2a: Volcarona|[miss]\n|-miss|p1a: Garchomp|p2a: Volcarona\n|\n|-heal|p1a: Garchomp|52/100|[from] item: Leftovers\n|upkeep\n|turn|6\n|\n|t:|1776787022\n|move|p2a: Volcarona|Bug Buzz|p1a: Garchomp\n|-damage|p1a: Garchomp|0 fnt\n|faint|p1a: Garchomp\n|\n|upkeep\n|\n|t:|1776787028\n|switch|p1a: Floette|Floette-Mega, L50, F|100/100\n|-ability|p1a: Floette|Fairy Aura\n|turn|7\n|\n|t:|1776787033\n|move|p2a: Volcarona|Fiery Dance|p1a: Floette\n|-damage|p1a: Floette|60/100\n|move|p1a: Floette|Calm Mind|p1a: Floette\n|-boost|p1a: Floette|spa|1\n|-boost|p1a: Floette|spd|1\n|\n|upkeep\n|turn|8\n|\n|t:|1776787045\n|move|p2a: Volcarona|Quiver Dance|p2a: Volcarona\n|-boost|p2a: Volcarona|spa|1\n|-boost|p2a: Volcarona|spd|1\n|-boost|p2a: Volcarona|spe|1\n|move|p1a: Floette|Calm Mind|p1a: Floette\n|-boost|p1a: Floette|spa|1\n|-boost|p1a: Floette|spd|1\n|\n|upkeep\n|turn|9\n|\n|t:|1776787053\n|move|p2a: Volcarona|Quiver Dance|p2a: Volcarona\n|-boost|p2a: Volcarona|spa|1\n|-boost|p2a: Volcarona|spd|1\n|-boost|p2a: Volcarona|spe|1\n|move|p1a: Floette|Calm Mind|p1a: Floette\n|-boost|p1a: Floette|spa|1\n|-boost|p1a: Floette|spd|1\n|\n|upkeep\n|turn|10\n|\n|t:|1776787061\n|move|p2a: Volcarona|Quiver Dance|p2a: Volcarona\n|-boost|p2a: Volcarona|spa|1\n|-boost|p2a: Volcarona|spd|1\n|-boost|p2a: Volcarona|spe|1\n|move|p1a: Floette|Calm Mind|p1a: Floette\n|-boost|p1a: Floette|spa|1\n|-boost|p1a: Floette|spd|1\n|\n|upkeep\n|turn|11\n|\n|t:|1776787073\n|move|p2a: Volcarona|Quiver Dance|p2a: Volcarona\n|-boost|p2a: Volcarona|spa|1\n|-boost|p2a: Volcarona|spd|1\n|-boost|p2a: Volcarona|spe|1\n|move|p1a: Floette|Calm Mind|p1a: Floette\n|-boost|p1a: Floette|spa|1\n|-boost|p1a: Floette|spd|1\n|\n|upkeep\n|turn|12\n|j| resgregre\n|\n|t:|1776787083\n|move|p2a: Volcarona|Quiver Dance|p2a: Volcarona\n|-boost|p2a: Volcarona|spa|1\n|-boost|p2a: Volcarona|spd|1\n|-boost|p2a: Volcarona|spe|1\n|move|p1a: Floette|Calm Mind|p1a: Floette\n|-boost|p1a: Floette|spa|1\n|-boost|p1a: Floette|spd|1\n|\n|upkeep\n|turn|13\n|\n|t:|1776787093\n|move|p2a: Volcarona|Fiery Dance|p1a: Floette\n|-damage|p1a: Floette|36/100\n|move|p1a: Floette|Moonblast|p2a: Volcarona\n|-resisted|p2a: Volcarona|1\n|-damage|p2a: Volcarona|69/100\n|\n|upkeep\n|turn|14\n|\n|t:|1776787101\n|move|p2a: Volcarona|Fiery Dance|p1a: Floette\n|-damage|p1a: Floette|11/100\n|move|p1a: Floette|Draining Kiss|p2a: Volcarona\n|-resisted|p2a: Volcarona|1\n|-damage|p2a: Volcarona|50/100\n|-heal|p1a: Floette|25/100|[from] drain|[of] p2a: Volcarona\n|-status|p1a: Floette|brn|[from] ability: Flame Body|[of] p2a: Volcarona\n|-enditem|p2a: Volcarona|Sitrus Berry|[eat]\n|-heal|p2a: Volcarona|75/100|[from] item: Sitrus Berry\n|\n|-damage|p1a: Floette|19/100 brn|[from] brn\n|upkeep\n|turn|15\n|l| resgregre\n|\n|t:|1776787118\n|move|p2a: Volcarona|Fiery Dance|p1a: Floette\n|-damage|p1a: Floette|0 fnt\n|faint|p1a: Floette\n|\n|upkeep\n|\n|t:|1776787123\n|switch|p1a: Hydreigon|Hydreigon, L50, F|100/100\n|turn|16\n|c|+DerpySuX|Pretty good, doin a lot of admin rn with the game being new\n|\n|t:|1776787129\n|move|p2a: Volcarona|Bug Buzz|p1a: Hydreigon\n|-supereffective|p1a: Hydreigon|1\n|-damage|p1a: Hydreigon|0 fnt\n|faint|p1a: Hydreigon\n|\n|win|Elphilomeno\n|raw|mugen beastars's rating: 1255 &rarr; <strong>1240</strong><br />(-15 for losing)\n|raw|Elphilomeno's rating: 1400 &rarr; <strong>1412</strong><br />(+12 for winning)\n|c|\u2606Elphilomeno|Yeah, I\u2019m still getting adjusted to this new meta\n|c|+DerpySuX|but I\u2019m enjoying it a lot when I get to play\n|c|\u2606Elphilomeno|It is nice not having to play Tera guessing games anymore, lol\n|c|+DerpySuX|I like tera but yeah it\u2019s a nice change of pace\n|c|\u2606Elphilomeno|Gen 6 was when I actually first started doing real ranked battles, so it\u2019s a bit nostalgic too.\n|l|\u2606mugen beastars\n|player|p1|\n|c|+DerpySuX|Oh yeah this meta is very oras coded\n|c|\u2606Elphilomeno|Plus some new goofy looking mega evolutions\n|c|+DerpySuX|yeah lmao\n|c|+DerpySuX|really enjoying it so far\n|c|\u2606Elphilomeno|Same. There\u2019s some weird bug that won\u2019t let play Champions on Switch when using a different wifi\n|c|\u2606Elphilomeno|But otherwise, I\u2019m enjoying it.\n|c|+DerpySuX|Glad to hear. See you round fren :3\n|l|+DerpySuX\n", "uploadtime": 1776787636, "views": 9, "formatid": "gen9championsbssregma", "rating": 1240, "private": 0, "password": null}