{"id": "gen9championsbssregma-2591461333", "format": "[Gen 9 Champions] BSS Reg M-A", "players": ["Down and fireflies", "SimonFeng"], "log": "|j|\u2606Down and fireflies\n|j|\u2606SimonFeng\n|t:|1776901676\n|gametype|singles\n|player|p1|Down and fireflies|iris-gen5bw2|1138\n|player|p2|SimonFeng|101|1222\n|gen|9\n|tier|[Gen 9 Champions] BSS Reg M-A\n|rated|\n|rule|Species Clause: Limit one of each Pok\u00e9mon\n|rule|Item Clause: Limit 1 of each item\n|clearpoke\n|poke|p1|Toxapex, L50, M|\n|poke|p1|Lopunny, L50, M|\n|poke|p1|Umbreon, L50, F|\n|poke|p1|Scovillain, L50, M|\n|poke|p1|Hydreigon, L50, F|\n|poke|p1|Ditto, L50|\n|poke|p2|Hippowdon, L50, F|\n|poke|p2|Mimikyu, L50, M|\n|poke|p2|Charizard, L50, M|\n|poke|p2|Garchomp, L50, M|\n|poke|p2|Scizor, L50, F|\n|poke|p2|Basculegion, L50, M|\n|teampreview|3\n|\n|t:|1776901751\n|teamsize|p1|3\n|teamsize|p2|3\n|start\n|switch|p1a: Scovillain|Scovillain, L50, M|100/100\n|switch|p2a: Charizard|Charizard, L50, M|100/100\n|turn|1\n|\n|t:|1776901756\n|switch|p2a: Mimikyu|Mimikyu, L50, M|100/100\n|switch|p1a: Toxapex|Toxapex, L50, M|100/100\n|\n|upkeep\n|turn|2\n|\n|t:|1776901767\n|move|p2a: Mimikyu|Swords Dance|p2a: Mimikyu\n|-boost|p2a: Mimikyu|atk|2\n|move|p1a: Toxapex|Poison Jab|p2a: Mimikyu\n|-activate|p2a: Mimikyu|ability: Disguise\n|-damage|p2a: Mimikyu|100/100\n|detailschange|p2a: Mimikyu|Mimikyu-Busted, L50, M\n|-damage|p2a: Mimikyu|88/100|[from] pokemon: Mimikyu-Busted\n|\n|upkeep\n|turn|3\n|\n|t:|1776901775\n|move|p2a: Mimikyu|Shadow Claw|p1a: Toxapex\n|-crit|p1a: Toxapex\n|-damage|p1a: Toxapex|22/100\n|-enditem|p1a: Toxapex|Sitrus Berry|[eat]\n|-heal|p1a: Toxapex|46/100|[from] item: Sitrus Berry\n|move|p1a: Toxapex|Toxic|p2a: Mimikyu\n|-status|p2a: Mimikyu|tox\n|\n|-damage|p2a: Mimikyu|82/100 tox|[from] psn\n|upkeep\n|turn|4\n|\n|t:|1776901783\n|switch|p1a: Umbreon|Umbreon, L50, F|100/100\n|move|p2a: Mimikyu|Shadow Claw|p1a: Umbreon\n|-resisted|p1a: Umbreon|1\n|-damage|p1a: Umbreon|83/100\n|\n|-heal|p1a: Umbreon|89/100|[from] item: Leftovers\n|-damage|p2a: Mimikyu|70/100 tox|[from] psn\n|upkeep\n|turn|5\n|\n|t:|1776901790\n|move|p1a: Umbreon|Protect|p1a: Umbreon\n|-singleturn|p1a: Umbreon|Protect\n|move|p2a: Mimikyu|Play Rough|p1a: Umbreon\n|-activate|p1a: Umbreon|move: Protect\n|\n|-heal|p1a: Umbreon|95/100|[from] item: Leftovers\n|-damage|p2a: Mimikyu|52/100 tox|[from] psn\n|upkeep\n|turn|6\n|\n|t:|1776901793\n|switch|p1a: Toxapex|Toxapex, L50, M|79/100\n|move|p2a: Mimikyu|Play Rough|p1a: Toxapex\n|-resisted|p1a: Toxapex|1\n|-damage|p1a: Toxapex|50/100\n|\n|-damage|p2a: Mimikyu|28/100 tox|[from] psn\n|upkeep\n|turn|7\n|\n|t:|1776901798\n|switch|p1a: Umbreon|Umbreon, L50, F|95/100\n|move|p2a: Mimikyu|Play Rough|p1a: Umbreon\n|-supereffective|p1a: Umbreon|1\n|-damage|p1a: Umbreon|0 fnt\n|faint|p1a: Umbreon\n|\n|-damage|p2a: Mimikyu|0 fnt|[from] psn\n|faint|p2a: Mimikyu\n|upkeep\n|\n|t:|1776901806\n|switch|p2a: Charizard|Charizard, L50, M|100/100\n|switch|p1a: Scovillain|Scovillain, L50, M|100/100\n|turn|8\n|\n|t:|1776901812\n|switch|p1a: Toxapex|Toxapex, L50, M|83/100\n|detailschange|p2a: Charizard|Charizard-Mega-X, L50, M\n|-mega|p2a: Charizard|Charizard|Charizardite X\n|move|p2a: Charizard|Earthquake|p1a: Toxapex\n|-supereffective|p1a: Toxapex|1\n|-damage|p1a: Toxapex|23/100\n|\n|upkeep\n|turn|9\n|\n|t:|1776901818\n|move|p2a: Charizard|Earthquake|p1a: Toxapex\n|-supereffective|p1a: Toxapex|1\n|-damage|p1a: Toxapex|0 fnt\n|faint|p1a: Toxapex\n|\n|upkeep\n|-message|Down and fireflies forfeited.\n|\n|win|SimonFeng\n|raw|Down and fireflies's rating: 1138 &rarr; <strong>1119</strong><br />(-19 for losing)\n|raw|SimonFeng's rating: 1222 &rarr; <strong>1241</strong><br />(+19 for winning)\n|l|\u2606Down and fireflies\n|player|p1|\n", "uploadtime": 1776901825, "views": 2, "formatid": "gen9championsbssregma", "rating": 1119, "private": 0, "password": null}