{"id": "gen9championsbssregma-2590590217", "format": "[Gen 9 Champions] BSS Reg M-A", "players": ["tronghai", "hijanu"], "log": "|j|\u2606tronghai\n|j|\u2606hijanu\n|t:|1776823975\n|gametype|singles\n|player|p1|tronghai|2|1145\n|player|p2|hijanu|hilbert|1144\n|gen|9\n|tier|[Gen 9 Champions] BSS Reg M-A\n|rated|\n|rule|Species Clause: Limit one of each Pok\u00e9mon\n|rule|Item Clause: Limit 1 of each item\n|clearpoke\n|poke|p1|Maushold, L50|\n|poke|p1|Scizor, L50, F|\n|poke|p1|Palafin, L50, M|\n|poke|p1|Espathra, L50, F|\n|poke|p1|Basculegion, L50, M|\n|poke|p1|Scovillain, L50, M|\n|poke|p2|Ceruledge, L50, F, shiny|\n|poke|p2|Rotom-Wash, L50, shiny|\n|poke|p2|Torterra, L50, F, shiny|\n|poke|p2|Archaludon, L50, F|\n|poke|p2|Slowking-Galar, L50, M, shiny|\n|poke|p2|Hydreigon, L50, F|\n|teampreview|3\n|inactive|Battle timer is ON: inactive players will automatically lose when time's up. (requested by tronghai)\n|\n|t:|1776824000\n|teamsize|p1|3\n|teamsize|p2|3\n|start\n|switch|p1a: Scovillain|Scovillain, L50, M|100/100\n|switch|p2a: Slowking|Slowking-Galar, L50, M, shiny|100/100\n|turn|1\n|\n|t:|1776824016\n|move|p1a: Scovillain|Leech Seed|p2a: Slowking\n|-start|p2a: Slowking|move: Leech Seed\n|move|p2a: Slowking|Sludge Wave|p1a: Scovillain\n|-supereffective|p1a: Scovillain|1\n|-damage|p1a: Scovillain|6/100\n|\n|-damage|p2a: Slowking|88/100|[from] Leech Seed|[of] p1a: Scovillain\n|-heal|p1a: Scovillain|21/100|[silent]\n|-ability|p1a: Scovillain|Moody|boost\n|-boost|p1a: Scovillain|atk|2\n|-unboost|p1a: Scovillain|spd|1\n|upkeep\n|turn|2\n|\n|t:|1776824039\n|move|p1a: Scovillain|Protect|p1a: Scovillain\n|-singleturn|p1a: Scovillain|Protect\n|move|p2a: Slowking|Sludge Wave|p1a: Scovillain\n|-activate|p1a: Scovillain|move: Protect\n|\n|-damage|p2a: Slowking|76/100|[from] Leech Seed|[of] p1a: Scovillain\n|-heal|p1a: Scovillain|35/100|[silent]\n|-ability|p1a: Scovillain|Moody|boost\n|-boost|p1a: Scovillain|spe|2\n|-unboost|p1a: Scovillain|atk|1\n|upkeep\n|turn|3\n|\n|t:|1776824051\n|move|p1a: Scovillain|Substitute|p1a: Scovillain\n|-start|p1a: Scovillain|Substitute\n|-damage|p1a: Scovillain|10/100\n|move|p2a: Slowking|Yawn||[still]\n|-fail|p2a: Slowking\n|\n|-damage|p2a: Slowking|63/100|[from] Leech Seed|[of] p1a: Scovillain\n|-heal|p1a: Scovillain|25/100|[silent]\n|-ability|p1a: Scovillain|Moody|boost\n|-boost|p1a: Scovillain|atk|2\n|-unboost|p1a: Scovillain|spd|1\n|upkeep\n|turn|4\n|\n|t:|1776824064\n|move|p1a: Scovillain|Protect|p1a: Scovillain\n|-singleturn|p1a: Scovillain|Protect\n|move|p2a: Slowking|Eerie Spell|p1a: Scovillain\n|-activate|p1a: Scovillain|move: Protect\n|\n|-damage|p2a: Slowking|51/100|[from] Leech Seed|[of] p1a: Scovillain\n|-heal|p1a: Scovillain|39/100|[silent]\n|-ability|p1a: Scovillain|Moody|boost\n|-boost|p1a: Scovillain|def|2\n|-unboost|p1a: Scovillain|spe|1\n|upkeep\n|turn|5\n|\n|t:|1776824078\n|move|p1a: Scovillain|Substitute|p1a: Scovillain\n|-fail|p1a: Scovillain|move: Substitute\n|move|p2a: Slowking|Eerie Spell|p1a: Scovillain\n|-crit|p1a: Scovillain\n|-damage|p1a: Scovillain|0 fnt\n|faint|p1a: Scovillain\n|\n|upkeep\n|\n|t:|1776824087\n|switch|p1a: Basculegion|Basculegion, L50, M|100/100\n|turn|6\n|\n|t:|1776824093\n|switch|p2a: Hydreigon|Hydreigon, L50, F|100/100\n|move|p1a: Basculegion|Last Respects|p2a: Hydreigon\n|-resisted|p2a: Hydreigon|1\n|-damage|p2a: Hydreigon|65/100\n|\n|upkeep\n|turn|7\n|-message|tronghai forfeited.\n|\n|win|hijanu\n|raw|tronghai's rating: 1145 &rarr; <strong>1120</strong><br />(-25 for losing)\n|raw|hijanu's rating: 1144 &rarr; <strong>1169</strong><br />(+25 for winning)\n|l|\u2606tronghai\n|player|p1|\n", "uploadtime": 1776824108, "views": 7, "formatid": "gen9championsbssregma", "rating": 1120, "private": 0, "password": null}