{"id": "gen9championsbssregma-2590695966", "format": "[Gen 9 Champions] BSS Reg M-A", "players": ["SmallGun", "taiseitreiru"], "log": "|j|\u2606SmallGun\n|j|\u2606taiseitreiru\n|t:|1776835762\n|gametype|singles\n|player|p1|SmallGun|1|1404\n|player|p2|taiseitreiru|170|1468\n|gen|9\n|tier|[Gen 9 Champions] BSS Reg M-A\n|rated|\n|rule|Species Clause: Limit one of each Pok\u00e9mon\n|rule|Item Clause: Limit 1 of each item\n|clearpoke\n|poke|p1|Charizard, L50, F, shiny|\n|poke|p1|Clefable, L50, M|\n|poke|p1|Mimikyu, L50, F|\n|poke|p1|Aegislash, L50, M|\n|poke|p1|Basculegion, L50, M|\n|poke|p1|Hippowdon, L50, F|\n|poke|p2|Kangaskhan, L50, F|\n|poke|p2|Hippowdon, L50, F|\n|poke|p2|Glimmora, L50, F|\n|poke|p2|Basculegion-F, L50, F|\n|poke|p2|Kingambit, L50, M|\n|poke|p2|Volcarona, L50, M|\n|teampreview|3\n|inactive|Battle timer is ON: inactive players will automatically lose when time's up. (requested by SmallGun)\n|inactive|taiseitreiru has 60 seconds left.\n|\n|t:|1776835818\n|teamsize|p1|3\n|teamsize|p2|3\n|start\n|switch|p1a: Clefable|Clefable, L50, M|100/100\n|switch|p2a: Basculegion|Basculegion-F, L50, F|100/100\n|turn|1\n|\n|t:|1776835830\n|switch|p2a: Glimmora|Glimmora, L50, F|100/100\n|detailschange|p1a: Clefable|Clefable-Mega, L50, M\n|-mega|p1a: Clefable|Clefable|Clefablite\n|move|p1a: Clefable|Moonblast|p2a: Glimmora\n|-resisted|p2a: Glimmora|1\n|-damage|p2a: Glimmora|64/100\n|\n|upkeep\n|turn|2\n|\n|t:|1776835852\n|switch|p1a: Aegislash|Aegislash, L50, M|100/100\n|detailschange|p2a: Glimmora|Glimmora-Mega, L50, F\n|-mega|p2a: Glimmora|Glimmora|Glimmoranite\n|move|p2a: Glimmora|Earth Power|p1a: Aegislash\n|-supereffective|p1a: Aegislash|1\n|-damage|p1a: Aegislash|28/100\n|\n|upkeep\n|turn|3\n|\n|t:|1776835862\n|-formechange|p1a: Aegislash|Aegislash-Blade|\n|move|p1a: Aegislash|Shadow Sneak|p2a: Glimmora\n|-damage|p2a: Glimmora|45/100\n|move|p2a: Glimmora|Earth Power|p1a: Aegislash\n|-supereffective|p1a: Aegislash|1\n|-damage|p1a: Aegislash|0 fnt\n|faint|p1a: Aegislash\n|\n|upkeep\n|\n|t:|1776835864\n|switch|p1a: Mimikyu|Mimikyu, L50, F|100/100\n|turn|4\n|\n|t:|1776835874\n|switch|p2a: Hippowdon|Hippowdon, L50, F|100/100\n|-weather|Sandstorm|[from] ability: Sand Stream|[of] p2a: Hippowdon\n|move|p1a: Mimikyu|Shadow Claw|p2a: Hippowdon\n|-damage|p2a: Hippowdon|78/100\n|\n|-weather|Sandstorm|[upkeep]\n|-damage|p1a: Mimikyu|94/100|[from] Sandstorm\n|-heal|p2a: Hippowdon|84/100|[from] item: Leftovers\n|upkeep\n|turn|5\n|\n|t:|1776835886\n|move|p1a: Mimikyu|Swords Dance|p1a: Mimikyu\n|-boost|p1a: Mimikyu|atk|2\n|move|p2a: Hippowdon|Earthquake|p1a: Mimikyu\n|-activate|p1a: Mimikyu|ability: Disguise\n|-damage|p1a: Mimikyu|94/100\n|detailschange|p1a: Mimikyu|Mimikyu-Busted, L50, F\n|-damage|p1a: Mimikyu|82/100|[from] pokemon: Mimikyu-Busted\n|\n|-weather|Sandstorm|[upkeep]\n|-damage|p1a: Mimikyu|76/100|[from] Sandstorm\n|-heal|p2a: Hippowdon|90/100|[from] item: Leftovers\n|upkeep\n|turn|6\n|\n|t:|1776835892\n|move|p1a: Mimikyu|Play Rough|p2a: Hippowdon\n|-damage|p2a: Hippowdon|47/100\n|move|p2a: Hippowdon|Yawn|p1a: Mimikyu\n|-start|p1a: Mimikyu|move: Yawn|[of] p2a: Hippowdon\n|\n|-weather|Sandstorm|[upkeep]\n|-damage|p1a: Mimikyu|69/100|[from] Sandstorm\n|-heal|p2a: Hippowdon|54/100|[from] item: Leftovers\n|upkeep\n|turn|7\n|\n|t:|1776835900\n|move|p2a: Hippowdon|Protect|p2a: Hippowdon\n|-singleturn|p2a: Hippowdon|Protect\n|move|p1a: Mimikyu|Shadow Claw|p2a: Hippowdon\n|-activate|p2a: Hippowdon|move: Protect\n|\n|-weather|Sandstorm|[upkeep]\n|-damage|p1a: Mimikyu|63/100|[from] Sandstorm\n|-heal|p2a: Hippowdon|60/100|[from] item: Leftovers\n|-end|p1a: Mimikyu|move: Yawn|[silent]\n|-status|p1a: Mimikyu|slp\n|upkeep\n|turn|8\n|\n|t:|1776835907\n|cant|p1a: Mimikyu|slp\n|move|p2a: Hippowdon|Earthquake|p1a: Mimikyu\n|-damage|p1a: Mimikyu|2/100 slp\n|\n|-weather|none\n|-heal|p2a: Hippowdon|66/100|[from] item: Leftovers\n|upkeep\n|turn|9\n|\n|t:|1776835930\n|switch|p2a: Basculegion|Basculegion-F, L50, F|100/100\n|cant|p1a: Mimikyu|slp\n|\n|upkeep\n|turn|10\n|\n|t:|1776835937\n|switch|p2a: Hippowdon|Hippowdon, L50, F|66/100\n|-weather|Sandstorm|[from] ability: Sand Stream|[of] p2a: Hippowdon\n|switch|p1a: Clefable|Clefable-Mega, L50, M|100/100\n|\n|-weather|Sandstorm|[upkeep]\n|-damage|p1a: Clefable|95/100|[from] Sandstorm\n|-heal|p2a: Hippowdon|72/100|[from] item: Leftovers\n|upkeep\n|turn|11\n|\n|t:|1776835946\n|switch|p2a: Glimmora|Glimmora-Mega, L50, F|45/100\n|move|p1a: Clefable|Moonblast|p2a: Glimmora\n|-resisted|p2a: Glimmora|1\n|-damage|p2a: Glimmora|23/100\n|\n|-weather|Sandstorm|[upkeep]\n|-damage|p1a: Clefable|89/100|[from] Sandstorm\n|upkeep\n|turn|12\n|\n|t:|1776835957\n|move|p2a: Glimmora|Sludge Wave|p1a: Clefable\n|-supereffective|p1a: Clefable|1\n|-damage|p1a: Clefable|0 fnt\n|faint|p1a: Clefable\n|\n|-weather|Sandstorm|[upkeep]\n|upkeep\n|-message|SmallGun forfeited.\n|\n|win|taiseitreiru\n|raw|SmallGun's rating: 1404 &rarr; <strong>1388</strong><br />(-16 for losing)\n|raw|taiseitreiru's rating: 1468 &rarr; <strong>1484</strong><br />(+16 for winning)\n|l|\u2606SmallGun\n|player|p1|\n|l|\u2606taiseitreiru\n|player|p2|\n", "uploadtime": 1776835982, "views": 8, "formatid": "gen9championsbssregma", "rating": 1388, "private": 0, "password": null}